%YAML 1.1
%TAG !u! tag:unity3d.com,2011:
--- !u!29 &1
OcclusionCullingSettings:
  m_ObjectHideFlags: 0
  serializedVersion: 2
  m_OcclusionBakeSettings:
    smallestOccluder: 5
    smallestHole: 0.25
    backfaceThreshold: 100
  m_SceneGUID: 00000000000000000000000000000000
  m_OcclusionCullingData: {fileID: 0}
--- !u!104 &2
RenderSettings:
  m_ObjectHideFlags: 0
  serializedVersion: 9
  m_Fog: 0
  m_FogColor: {r: 0.5, g: 0.5, b: 0.5, a: 1}
  m_FogMode: 3
  m_FogDensity: 0.01
  m_LinearFogStart: 0
  m_LinearFogEnd: 300
  m_AmbientSkyColor: {r: 0.212, g: 0.227, b: 0.259, a: 1}
  m_AmbientEquatorColor: {r: 0.114, g: 0.125, b: 0.133, a: 1}
  m_AmbientGroundColor: {r: 0.047, g: 0.043, b: 0.035, a: 1}
  m_AmbientIntensity: 1
  m_AmbientMode: 3
  m_SubtractiveShadowColor: {r: 0.42, g: 0.478, b: 0.627, a: 1}
  m_SkyboxMaterial: {fileID: 0}
  m_HaloStrength: 0.5
  m_FlareStrength: 1
  m_FlareFadeSpeed: 3
  m_HaloTexture: {fileID: 0}
  m_SpotCookie: {fileID: 10001, guid: 0000000000000000e000000000000000, type: 0}
  m_DefaultReflectionMode: 0
  m_DefaultReflectionResolution: 128
  m_ReflectionBounces: 1
  m_ReflectionIntensity: 1
  m_CustomReflection: {fileID: 0}
  m_Sun: {fileID: 0}
  m_IndirectSpecularColor: {r: 0, g: 0, b: 0, a: 1}
  m_UseRadianceAmbientProbe: 0
--- !u!157 &3
LightmapSettings:
  m_ObjectHideFlags: 0
  serializedVersion: 11
  m_GIWorkflowMode: 1
  m_GISettings:
    serializedVersion: 2
    m_BounceScale: 1
    m_IndirectOutputScale: 1
    m_AlbedoBoost: 1
    m_EnvironmentLightingMode: 0
    m_EnableBakedLightmaps: 0
    m_EnableRealtimeLightmaps: 0
  m_LightmapEditorSettings:
    serializedVersion: 12
    m_Resolution: 2
    m_BakeResolution: 40
    m_AtlasSize: 1024
    m_AO: 0
    m_AOMaxDistance: 1
    m_CompAOExponent: 1
    m_CompAOExponentDirect: 0
    m_ExtractAmbientOcclusion: 0
    m_Padding: 2
    m_LightmapParameters: {fileID: 0}
    m_LightmapsBakeMode: 1
    m_TextureCompression: 1
    m_FinalGather: 0
    m_FinalGatherFiltering: 1
    m_FinalGatherRayCount: 256
    m_ReflectionCompression: 2
    m_MixedBakeMode: 2
    m_BakeBackend: 0
    m_PVRSampling: 1
    m_PVRDirectSampleCount: 32
    m_PVRSampleCount: 500
    m_PVRBounces: 2
    m_PVREnvironmentSampleCount: 500
    m_PVREnvironmentReferencePointCount: 2048
    m_PVRFilteringMode: 2
    m_PVRDenoiserTypeDirect: 0
    m_PVRDenoiserTypeIndirect: 0
    m_PVRDenoiserTypeAO: 0
    m_PVRFilterTypeDirect: 0
    m_PVRFilterTypeIndirect: 0
    m_PVRFilterTypeAO: 0
    m_PVREnvironmentMIS: 0
    m_PVRCulling: 1
    m_PVRFilteringGaussRadiusDirect: 1
    m_PVRFilteringGaussRadiusIndirect: 5
    m_PVRFilteringGaussRadiusAO: 2
    m_PVRFilteringAtrousPositionSigmaDirect: 0.5
    m_PVRFilteringAtrousPositionSigmaIndirect: 2
    m_PVRFilteringAtrousPositionSigmaAO: 1
    m_ExportTrainingData: 0
    m_TrainingDataDestination: TrainingData
  m_LightingDataAsset: {fileID: 0}
  m_UseShadowmask: 1
--- !u!196 &4
NavMeshSettings:
  serializedVersion: 2
  m_ObjectHideFlags: 0
  m_BuildSettings:
    serializedVersion: 2
    agentTypeID: 0
    agentRadius: 0.5
    agentHeight: 2
    agentSlope: 45
    agentClimb: 0.4
    ledgeDropHeight: 0
    maxJumpAcrossDistance: 0
    minRegionArea: 2
    manualCellSize: 0
    cellSize: 0.16666667
    manualTileSize: 0
    tileSize: 256
    accuratePlacement: 0
    debug:
      m_Flags: 0
  m_NavMeshData: {fileID: 0}
--- !u!1001 &131114798
PrefabInstance:
  m_ObjectHideFlags: 0
  serializedVersion: 2
  m_Modification:
    m_TransformParent: {fileID: 0}
    m_Modifications:
    - target: {fileID: 5597983077623465841, guid: d5387a5b7deded94fb40323541ce92b4,
        type: 3}
      propertyPath: m_Name
      value: Worker (8)
      objectReference: {fileID: 0}
    - target: {fileID: 5597983077623465842, guid: d5387a5b7deded94fb40323541ce92b4,
        type: 3}
      propertyPath: m_LocalPosition.x
      value: 0
      objectReference: {fileID: 0}
    - target: {fileID: 5597983077623465842, guid: d5387a5b7deded94fb40323541ce92b4,
        type: 3}
      propertyPath: m_LocalPosition.y
      value: 9.63
      objectReference: {fileID: 0}
    - target: {fileID: 5597983077623465842, guid: d5387a5b7deded94fb40323541ce92b4,
        type: 3}
      propertyPath: m_LocalPosition.z
      value: 0
      objectReference: {fileID: 0}
    - target: {fileID: 5597983077623465842, guid: d5387a5b7deded94fb40323541ce92b4,
        type: 3}
      propertyPath: m_LocalRotation.x
      value: 0
      objectReference: {fileID: 0}
    - target: {fileID: 5597983077623465842, guid: d5387a5b7deded94fb40323541ce92b4,
        type: 3}
      propertyPath: m_LocalRotation.y
      value: 0
      objectReference: {fileID: 0}
    - target: {fileID: 5597983077623465842, guid: d5387a5b7deded94fb40323541ce92b4,
        type: 3}
      propertyPath: m_LocalRotation.z
      value: 0
      objectReference: {fileID: 0}
    - target: {fileID: 5597983077623465842, guid: d5387a5b7deded94fb40323541ce92b4,
        type: 3}
      propertyPath: m_LocalRotation.w
      value: 1
      objectReference: {fileID: 0}
    - target: {fileID: 5597983077623465842, guid: d5387a5b7deded94fb40323541ce92b4,
        type: 3}
      propertyPath: m_RootOrder
      value: 20
      objectReference: {fileID: 0}
    - target: {fileID: 5597983077623465842, guid: d5387a5b7deded94fb40323541ce92b4,
        type: 3}
      propertyPath: m_LocalEulerAnglesHint.x
      value: 0
      objectReference: {fileID: 0}
    - target: {fileID: 5597983077623465842, guid: d5387a5b7deded94fb40323541ce92b4,
        type: 3}
      propertyPath: m_LocalEulerAnglesHint.y
      value: 0
      objectReference: {fileID: 0}
    - target: {fileID: 5597983077623465842, guid: d5387a5b7deded94fb40323541ce92b4,
        type: 3}
      propertyPath: m_LocalEulerAnglesHint.z
      value: 0
      objectReference: {fileID: 0}
    - target: {fileID: 7912557850059152186, guid: d5387a5b7deded94fb40323541ce92b4,
        type: 3}
      propertyPath: location.x
      value: 10
      objectReference: {fileID: 0}
    - target: {fileID: 7912557850059152186, guid: d5387a5b7deded94fb40323541ce92b4,
        type: 3}
      propertyPath: location.y
      value: 10
      objectReference: {fileID: 0}
    - target: {fileID: 7912557850059152186, guid: d5387a5b7deded94fb40323541ce92b4,
        type: 3}
      propertyPath: unitName
      value: Worker 0
      objectReference: {fileID: 0}
    - target: {fileID: 314465237890772332, guid: d5387a5b7deded94fb40323541ce92b4,
        type: 3}
      propertyPath: m_IsTrigger
      value: 0
      objectReference: {fileID: 0}
    - target: {fileID: 7856630328294574264, guid: d5387a5b7deded94fb40323541ce92b4,
        type: 3}
      propertyPath: m_BodyType
      value: 0
      objectReference: {fileID: 0}
    - target: {fileID: 7856630328294574264, guid: d5387a5b7deded94fb40323541ce92b4,
        type: 3}
      propertyPath: m_GravityScale
      value: 0
      objectReference: {fileID: 0}
    - target: {fileID: 7856630328294574264, guid: d5387a5b7deded94fb40323541ce92b4,
        type: 3}
      propertyPath: m_AngularDrag
      value: 0
      objectReference: {fileID: 0}
    m_RemovedComponents: []
  m_SourcePrefab: {fileID: 100100000, guid: d5387a5b7deded94fb40323541ce92b4, type: 3}
--- !u!1 &149998407
GameObject:
  m_ObjectHideFlags: 0
  m_CorrespondingSourceObject: {fileID: 0}
  m_PrefabInstance: {fileID: 0}
  m_PrefabAsset: {fileID: 0}
  serializedVersion: 6
  m_Component:
  - component: {fileID: 149998410}
  - component: {fileID: 149998409}
  - component: {fileID: 149998408}
  - component: {fileID: 149998411}
  - component: {fileID: 149998412}
  m_Layer: 0
  m_Name: Selection Rectangle
  m_TagString: Untagged
  m_Icon: {fileID: 0}
  m_NavMeshLayer: 0
  m_StaticEditorFlags: 0
  m_IsActive: 1
--- !u!61 &149998408
BoxCollider2D:
  m_ObjectHideFlags: 0
  m_CorrespondingSourceObject: {fileID: 0}
  m_PrefabInstance: {fileID: 0}
  m_PrefabAsset: {fileID: 0}
  m_GameObject: {fileID: 149998407}
  m_Enabled: 1
  m_Density: 1
  m_Material: {fileID: 0}
  m_IsTrigger: 1
  m_UsedByEffector: 0
  m_UsedByComposite: 0
  m_Offset: {x: 0.05, y: -0.05}
  m_SpriteTilingProperty:
    border: {x: 0, y: 0, z: 0, w: 0}
    pivot: {x: 0.5, y: 0.5}
    oldSize: {x: 0.1, y: 0.1}
    newSize: {x: 0.15, y: 0.15}
    adaptiveTilingThreshold: 0.5
    drawMode: 0
    adaptiveTiling: 0
  m_AutoTiling: 0
  serializedVersion: 2
  m_Size: {x: 0.1, y: 0.1}
  m_EdgeRadius: 0
--- !u!114 &149998409
MonoBehaviour:
  m_ObjectHideFlags: 0
  m_CorrespondingSourceObject: {fileID: 0}
  m_PrefabInstance: {fileID: 0}
  m_PrefabAsset: {fileID: 0}
  m_GameObject: {fileID: 149998407}
  m_Enabled: 1
  m_EditorHideFlags: 0
  m_Script: {fileID: 11500000, guid: 49d88deb0e7d32c4a8acc59c51265f3f, type: 3}
  m_Name: 
  m_EditorClassIdentifier: 
  _dontDestroyOnLoad: 0
  baseWidth: 0
  baseHeight: 0
  selected: []
--- !u!4 &149998410
Transform:
  m_ObjectHideFlags: 0
  m_CorrespondingSourceObject: {fileID: 0}
  m_PrefabInstance: {fileID: 0}
  m_PrefabAsset: {fileID: 0}
  m_GameObject: {fileID: 149998407}
  m_LocalRotation: {x: 0, y: 0, z: 0, w: 1}
  m_LocalPosition: {x: 0.281, y: 0.8143, z: 0}
  m_LocalScale: {x: 1, y: 1, z: 1}
  m_Children:
  - {fileID: 1007730514}
  m_Father: {fileID: 0}
  m_RootOrder: 4
  m_LocalEulerAnglesHint: {x: 0, y: 0, z: 0}
--- !u!50 &149998411
Rigidbody2D:
  serializedVersion: 4
  m_ObjectHideFlags: 0
  m_CorrespondingSourceObject: {fileID: 0}
  m_PrefabInstance: {fileID: 0}
  m_PrefabAsset: {fileID: 0}
  m_GameObject: {fileID: 149998407}
  m_BodyType: 1
  m_Simulated: 1
  m_UseFullKinematicContacts: 0
  m_UseAutoMass: 0
  m_Mass: 1
  m_LinearDrag: 0
  m_AngularDrag: 0.05
  m_GravityScale: 1
  m_Material: {fileID: 0}
  m_Interpolate: 0
  m_SleepingMode: 1
  m_CollisionDetection: 0
  m_Constraints: 0
--- !u!114 &149998412
MonoBehaviour:
  m_ObjectHideFlags: 0
  m_CorrespondingSourceObject: {fileID: 0}
  m_PrefabInstance: {fileID: 0}
  m_PrefabAsset: {fileID: 0}
  m_GameObject: {fileID: 149998407}
  m_Enabled: 1
  m_EditorHideFlags: 0
  m_Script: {fileID: 11500000, guid: 55938fb1577dd4ad3af7e994048c86f6, type: 3}
  m_Name: 
  m_EditorClassIdentifier: 
--- !u!1001 &220902800
PrefabInstance:
  m_ObjectHideFlags: 0
  serializedVersion: 2
  m_Modification:
    m_TransformParent: {fileID: 0}
    m_Modifications:
    - target: {fileID: 5597983077623465841, guid: d5387a5b7deded94fb40323541ce92b4,
        type: 3}
      propertyPath: m_Name
      value: Worker
      objectReference: {fileID: 0}
    - target: {fileID: 5597983077623465842, guid: d5387a5b7deded94fb40323541ce92b4,
        type: 3}
      propertyPath: m_LocalPosition.x
      value: 0
      objectReference: {fileID: 0}
    - target: {fileID: 5597983077623465842, guid: d5387a5b7deded94fb40323541ce92b4,
        type: 3}
      propertyPath: m_LocalPosition.y
      value: 0
      objectReference: {fileID: 0}
    - target: {fileID: 5597983077623465842, guid: d5387a5b7deded94fb40323541ce92b4,
        type: 3}
      propertyPath: m_LocalPosition.z
      value: 0
      objectReference: {fileID: 0}
    - target: {fileID: 5597983077623465842, guid: d5387a5b7deded94fb40323541ce92b4,
        type: 3}
      propertyPath: m_LocalRotation.x
      value: 0
      objectReference: {fileID: 0}
    - target: {fileID: 5597983077623465842, guid: d5387a5b7deded94fb40323541ce92b4,
        type: 3}
      propertyPath: m_LocalRotation.y
      value: 0
      objectReference: {fileID: 0}
    - target: {fileID: 5597983077623465842, guid: d5387a5b7deded94fb40323541ce92b4,
        type: 3}
      propertyPath: m_LocalRotation.z
      value: 0
      objectReference: {fileID: 0}
    - target: {fileID: 5597983077623465842, guid: d5387a5b7deded94fb40323541ce92b4,
        type: 3}
      propertyPath: m_LocalRotation.w
      value: 1
      objectReference: {fileID: 0}
    - target: {fileID: 5597983077623465842, guid: d5387a5b7deded94fb40323541ce92b4,
        type: 3}
      propertyPath: m_RootOrder
      value: 6
      objectReference: {fileID: 0}
    - target: {fileID: 5597983077623465842, guid: d5387a5b7deded94fb40323541ce92b4,
        type: 3}
      propertyPath: m_LocalEulerAnglesHint.x
      value: 0
      objectReference: {fileID: 0}
    - target: {fileID: 5597983077623465842, guid: d5387a5b7deded94fb40323541ce92b4,
        type: 3}
      propertyPath: m_LocalEulerAnglesHint.y
      value: 0
      objectReference: {fileID: 0}
    - target: {fileID: 5597983077623465842, guid: d5387a5b7deded94fb40323541ce92b4,
        type: 3}
      propertyPath: m_LocalEulerAnglesHint.z
      value: 0
      objectReference: {fileID: 0}
    - target: {fileID: 7912557850059152186, guid: d5387a5b7deded94fb40323541ce92b4,
        type: 3}
      propertyPath: location.x
      value: 10
      objectReference: {fileID: 0}
    - target: {fileID: 7912557850059152186, guid: d5387a5b7deded94fb40323541ce92b4,
        type: 3}
      propertyPath: location.y
      value: 10
      objectReference: {fileID: 0}
    - target: {fileID: 7912557850059152186, guid: d5387a5b7deded94fb40323541ce92b4,
        type: 3}
      propertyPath: unitName
      value: Worker 0
      objectReference: {fileID: 0}
    - target: {fileID: 314465237890772332, guid: d5387a5b7deded94fb40323541ce92b4,
        type: 3}
      propertyPath: m_IsTrigger
      value: 0
      objectReference: {fileID: 0}
    - target: {fileID: 7856630328294574264, guid: d5387a5b7deded94fb40323541ce92b4,
        type: 3}
      propertyPath: m_BodyType
      value: 0
      objectReference: {fileID: 0}
    - target: {fileID: 7856630328294574264, guid: d5387a5b7deded94fb40323541ce92b4,
        type: 3}
      propertyPath: m_GravityScale
      value: 0
      objectReference: {fileID: 0}
    - target: {fileID: 7856630328294574264, guid: d5387a5b7deded94fb40323541ce92b4,
        type: 3}
      propertyPath: m_AngularDrag
      value: 0
      objectReference: {fileID: 0}
    m_RemovedComponents: []
  m_SourcePrefab: {fileID: 100100000, guid: d5387a5b7deded94fb40323541ce92b4, type: 3}
--- !u!1001 &306074835
PrefabInstance:
  m_ObjectHideFlags: 0
  serializedVersion: 2
  m_Modification:
    m_TransformParent: {fileID: 0}
    m_Modifications:
    - target: {fileID: 385158567879424226, guid: ed8a341c541ffa94ba2aea6d2ee83412,
        type: 3}
      propertyPath: m_Name
      value: Soldier (6)
      objectReference: {fileID: 0}
    - target: {fileID: 2667809297180465276, guid: ed8a341c541ffa94ba2aea6d2ee83412,
        type: 3}
      propertyPath: m_LocalPosition.x
      value: 8.91
      objectReference: {fileID: 0}
    - target: {fileID: 2667809297180465276, guid: ed8a341c541ffa94ba2aea6d2ee83412,
        type: 3}
      propertyPath: m_LocalPosition.y
      value: 2.17
      objectReference: {fileID: 0}
    - target: {fileID: 2667809297180465276, guid: ed8a341c541ffa94ba2aea6d2ee83412,
        type: 3}
      propertyPath: m_LocalPosition.z
      value: 0
      objectReference: {fileID: 0}
    - target: {fileID: 2667809297180465276, guid: ed8a341c541ffa94ba2aea6d2ee83412,
        type: 3}
      propertyPath: m_LocalRotation.x
      value: 0
      objectReference: {fileID: 0}
    - target: {fileID: 2667809297180465276, guid: ed8a341c541ffa94ba2aea6d2ee83412,
        type: 3}
      propertyPath: m_LocalRotation.y
      value: 0
      objectReference: {fileID: 0}
    - target: {fileID: 2667809297180465276, guid: ed8a341c541ffa94ba2aea6d2ee83412,
        type: 3}
      propertyPath: m_LocalRotation.z
      value: 0
      objectReference: {fileID: 0}
    - target: {fileID: 2667809297180465276, guid: ed8a341c541ffa94ba2aea6d2ee83412,
        type: 3}
      propertyPath: m_LocalRotation.w
      value: 1
      objectReference: {fileID: 0}
    - target: {fileID: 2667809297180465276, guid: ed8a341c541ffa94ba2aea6d2ee83412,
        type: 3}
      propertyPath: m_RootOrder
      value: 22
      objectReference: {fileID: 0}
    - target: {fileID: 2667809297180465276, guid: ed8a341c541ffa94ba2aea6d2ee83412,
        type: 3}
      propertyPath: m_LocalEulerAnglesHint.x
      value: 0
      objectReference: {fileID: 0}
    - target: {fileID: 2667809297180465276, guid: ed8a341c541ffa94ba2aea6d2ee83412,
        type: 3}
      propertyPath: m_LocalEulerAnglesHint.y
      value: 0
      objectReference: {fileID: 0}
    - target: {fileID: 2667809297180465276, guid: ed8a341c541ffa94ba2aea6d2ee83412,
        type: 3}
      propertyPath: m_LocalEulerAnglesHint.z
      value: 0
      objectReference: {fileID: 0}
    - target: {fileID: 1994770262682469333, guid: ed8a341c541ffa94ba2aea6d2ee83412,
        type: 3}
      propertyPath: location.x
      value: 12
      objectReference: {fileID: 0}
    - target: {fileID: 1994770262682469333, guid: ed8a341c541ffa94ba2aea6d2ee83412,
        type: 3}
      propertyPath: location.y
      value: 12
      objectReference: {fileID: 0}
    - target: {fileID: 1994770262682469333, guid: ed8a341c541ffa94ba2aea6d2ee83412,
        type: 3}
      propertyPath: unitName
      value: Soldier 1
      objectReference: {fileID: 0}
    - target: {fileID: 2858012917522590649, guid: ed8a341c541ffa94ba2aea6d2ee83412,
        type: 3}
      propertyPath: m_BodyType
      value: 0
      objectReference: {fileID: 0}
    - target: {fileID: 2858012917522590649, guid: ed8a341c541ffa94ba2aea6d2ee83412,
        type: 3}
      propertyPath: m_GravityScale
      value: 0
      objectReference: {fileID: 0}
    - target: {fileID: 2858012917522590649, guid: ed8a341c541ffa94ba2aea6d2ee83412,
        type: 3}
      propertyPath: m_AngularDrag
      value: 0
      objectReference: {fileID: 0}
    m_RemovedComponents: []
  m_SourcePrefab: {fileID: 100100000, guid: ed8a341c541ffa94ba2aea6d2ee83412, type: 3}
--- !u!1001 &355158621
PrefabInstance:
  m_ObjectHideFlags: 0
  serializedVersion: 2
  m_Modification:
    m_TransformParent: {fileID: 0}
    m_Modifications:
    - target: {fileID: 385158567879424226, guid: ed8a341c541ffa94ba2aea6d2ee83412,
        type: 3}
      propertyPath: m_Name
      value: Soldier (7)
      objectReference: {fileID: 0}
    - target: {fileID: 2667809297180465276, guid: ed8a341c541ffa94ba2aea6d2ee83412,
        type: 3}
      propertyPath: m_LocalPosition.x
      value: 11.9
      objectReference: {fileID: 0}
    - target: {fileID: 2667809297180465276, guid: ed8a341c541ffa94ba2aea6d2ee83412,
        type: 3}
      propertyPath: m_LocalPosition.y
      value: -0.17000008
      objectReference: {fileID: 0}
    - target: {fileID: 2667809297180465276, guid: ed8a341c541ffa94ba2aea6d2ee83412,
        type: 3}
      propertyPath: m_LocalPosition.z
      value: 0
      objectReference: {fileID: 0}
    - target: {fileID: 2667809297180465276, guid: ed8a341c541ffa94ba2aea6d2ee83412,
        type: 3}
      propertyPath: m_LocalRotation.x
      value: 0
      objectReference: {fileID: 0}
    - target: {fileID: 2667809297180465276, guid: ed8a341c541ffa94ba2aea6d2ee83412,
        type: 3}
      propertyPath: m_LocalRotation.y
      value: 0
      objectReference: {fileID: 0}
    - target: {fileID: 2667809297180465276, guid: ed8a341c541ffa94ba2aea6d2ee83412,
        type: 3}
      propertyPath: m_LocalRotation.z
      value: 0
      objectReference: {fileID: 0}
    - target: {fileID: 2667809297180465276, guid: ed8a341c541ffa94ba2aea6d2ee83412,
        type: 3}
      propertyPath: m_LocalRotation.w
      value: 1
      objectReference: {fileID: 0}
    - target: {fileID: 2667809297180465276, guid: ed8a341c541ffa94ba2aea6d2ee83412,
        type: 3}
      propertyPath: m_RootOrder
      value: 25
      objectReference: {fileID: 0}
    - target: {fileID: 2667809297180465276, guid: ed8a341c541ffa94ba2aea6d2ee83412,
        type: 3}
      propertyPath: m_LocalEulerAnglesHint.x
      value: 0
      objectReference: {fileID: 0}
    - target: {fileID: 2667809297180465276, guid: ed8a341c541ffa94ba2aea6d2ee83412,
        type: 3}
      propertyPath: m_LocalEulerAnglesHint.y
      value: 0
      objectReference: {fileID: 0}
    - target: {fileID: 2667809297180465276, guid: ed8a341c541ffa94ba2aea6d2ee83412,
        type: 3}
      propertyPath: m_LocalEulerAnglesHint.z
      value: 0
      objectReference: {fileID: 0}
    - target: {fileID: 1994770262682469333, guid: ed8a341c541ffa94ba2aea6d2ee83412,
        type: 3}
      propertyPath: location.x
      value: 7
      objectReference: {fileID: 0}
    - target: {fileID: 1994770262682469333, guid: ed8a341c541ffa94ba2aea6d2ee83412,
        type: 3}
      propertyPath: location.y
      value: 7
      objectReference: {fileID: 0}
    - target: {fileID: 1994770262682469333, guid: ed8a341c541ffa94ba2aea6d2ee83412,
        type: 3}
      propertyPath: unitName
      value: Soldier 0
      objectReference: {fileID: 0}
    - target: {fileID: 2858012917522590649, guid: ed8a341c541ffa94ba2aea6d2ee83412,
        type: 3}
      propertyPath: m_BodyType
      value: 0
      objectReference: {fileID: 0}
    - target: {fileID: 2858012917522590649, guid: ed8a341c541ffa94ba2aea6d2ee83412,
        type: 3}
      propertyPath: m_GravityScale
      value: 0
      objectReference: {fileID: 0}
    - target: {fileID: 2858012917522590649, guid: ed8a341c541ffa94ba2aea6d2ee83412,
        type: 3}
      propertyPath: m_AngularDrag
      value: 0
      objectReference: {fileID: 0}
    - target: {fileID: 5498891444501724378, guid: ed8a341c541ffa94ba2aea6d2ee83412,
        type: 3}
      propertyPath: m_IsTrigger
      value: 0
      objectReference: {fileID: 0}
    m_RemovedComponents: []
  m_SourcePrefab: {fileID: 100100000, guid: ed8a341c541ffa94ba2aea6d2ee83412, type: 3}
--- !u!1 &400850747
GameObject:
  m_ObjectHideFlags: 0
  m_CorrespondingSourceObject: {fileID: 0}
  m_PrefabInstance: {fileID: 0}
  m_PrefabAsset: {fileID: 0}
  serializedVersion: 6
  m_Component:
  - component: {fileID: 400850749}
  - component: {fileID: 400850750}
  - component: {fileID: 400850748}
  m_Layer: 0
  m_Name: Grid
  m_TagString: Untagged
  m_Icon: {fileID: 0}
  m_NavMeshLayer: 0
  m_StaticEditorFlags: 0
  m_IsActive: 1
--- !u!114 &400850748
MonoBehaviour:
  m_ObjectHideFlags: 0
  m_CorrespondingSourceObject: {fileID: 0}
  m_PrefabInstance: {fileID: 0}
  m_PrefabAsset: {fileID: 0}
  m_GameObject: {fileID: 400850747}
  m_Enabled: 1
  m_EditorHideFlags: 0
  m_Script: {fileID: 11500000, guid: 55938fb1577dd4ad3af7e994048c86f6, type: 3}
  m_Name: 
  m_EditorClassIdentifier: 
--- !u!4 &400850749
Transform:
  m_ObjectHideFlags: 0
  m_CorrespondingSourceObject: {fileID: 0}
  m_PrefabInstance: {fileID: 0}
  m_PrefabAsset: {fileID: 0}
  m_GameObject: {fileID: 400850747}
  m_LocalRotation: {x: 0, y: 0, z: 0, w: 1}
  m_LocalPosition: {x: -9.6, y: 9.6, z: 99}
  m_LocalScale: {x: 1, y: 1, z: 1}
  m_Children: []
  m_Father: {fileID: 0}
  m_RootOrder: 1
  m_LocalEulerAnglesHint: {x: 0, y: 0, z: 0}
--- !u!114 &400850750
MonoBehaviour:
  m_ObjectHideFlags: 0
  m_CorrespondingSourceObject: {fileID: 0}
  m_PrefabInstance: {fileID: 0}
  m_PrefabAsset: {fileID: 0}
  m_GameObject: {fileID: 400850747}
  m_Enabled: 1
  m_EditorHideFlags: 0
  m_Script: {fileID: 11500000, guid: 2afa0c13d3be8ac448f4d6a94c76afa9, type: 3}
  m_Name: 
  m_EditorClassIdentifier: 
  _dontDestroyOnLoad: 0
  cellSize: 1
  width: 50
  height: 50
  showGrid: 1
  lineCount: 100
  radius: 3
--- !u!1 &519420028
GameObject:
  m_ObjectHideFlags: 0
  m_CorrespondingSourceObject: {fileID: 0}
  m_PrefabInstance: {fileID: 0}
  m_PrefabAsset: {fileID: 0}
  serializedVersion: 6
  m_Component:
  - component: {fileID: 519420032}
  - component: {fileID: 519420031}
  - component: {fileID: 519420029}
  m_Layer: 0
  m_Name: Main Camera
  m_TagString: MainCamera
  m_Icon: {fileID: 0}
  m_NavMeshLayer: 0
  m_StaticEditorFlags: 0
  m_IsActive: 1
--- !u!81 &519420029
AudioListener:
  m_ObjectHideFlags: 0
  m_CorrespondingSourceObject: {fileID: 0}
  m_PrefabInstance: {fileID: 0}
  m_PrefabAsset: {fileID: 0}
  m_GameObject: {fileID: 519420028}
  m_Enabled: 1
--- !u!20 &519420031
Camera:
  m_ObjectHideFlags: 0
  m_CorrespondingSourceObject: {fileID: 0}
  m_PrefabInstance: {fileID: 0}
  m_PrefabAsset: {fileID: 0}
  m_GameObject: {fileID: 519420028}
  m_Enabled: 1
  serializedVersion: 2
  m_ClearFlags: 2
  m_BackGroundColor: {r: 0.88941693, g: 0.8962264, b: 0.29169634, a: 0}
  m_projectionMatrixMode: 1
  m_GateFitMode: 2
  m_FOVAxisMode: 0
  m_SensorSize: {x: 36, y: 24}
  m_LensShift: {x: 0, y: 0}
  m_FocalLength: 50
  m_NormalizedViewPortRect:
    serializedVersion: 2
    x: 0
    y: 0
    width: 1
    height: 1
  near clip plane: 0.3
  far clip plane: 1000
  field of view: 60
  orthographic: 1
  orthographic size: 12
  m_Depth: -1
  m_CullingMask:
    serializedVersion: 2
    m_Bits: 4294967295
  m_RenderingPath: -1
  m_TargetTexture: {fileID: 0}
  m_TargetDisplay: 0
  m_TargetEye: 0
  m_HDR: 1
  m_AllowMSAA: 0
  m_AllowDynamicResolution: 0
  m_ForceIntoRT: 0
  m_OcclusionCulling: 0
  m_StereoConvergence: 10
  m_StereoSeparation: 0.022
--- !u!4 &519420032
Transform:
  m_ObjectHideFlags: 0
  m_CorrespondingSourceObject: {fileID: 0}
  m_PrefabInstance: {fileID: 0}
  m_PrefabAsset: {fileID: 0}
  m_GameObject: {fileID: 519420028}
  m_LocalRotation: {x: 0, y: 0, z: 0, w: 1}
  m_LocalPosition: {x: 0, y: 0, z: -10}
  m_LocalScale: {x: 1, y: 1, z: 1}
  m_Children: []
  m_Father: {fileID: 0}
  m_RootOrder: 0
  m_LocalEulerAnglesHint: {x: 0, y: 0, z: 0}
--- !u!1001 &550909537
PrefabInstance:
  m_ObjectHideFlags: 0
  serializedVersion: 2
  m_Modification:
    m_TransformParent: {fileID: 0}
    m_Modifications:
    - target: {fileID: 385158567879424226, guid: ed8a341c541ffa94ba2aea6d2ee83412,
        type: 3}
      propertyPath: m_Name
      value: Soldier (2)
      objectReference: {fileID: 0}
    - target: {fileID: 2667809297180465276, guid: ed8a341c541ffa94ba2aea6d2ee83412,
        type: 3}
      propertyPath: m_LocalPosition.x
      value: 11.9
      objectReference: {fileID: 0}
    - target: {fileID: 2667809297180465276, guid: ed8a341c541ffa94ba2aea6d2ee83412,
        type: 3}
      propertyPath: m_LocalPosition.y
      value: -9.8
      objectReference: {fileID: 0}
    - target: {fileID: 2667809297180465276, guid: ed8a341c541ffa94ba2aea6d2ee83412,
        type: 3}
      propertyPath: m_LocalPosition.z
      value: 0
      objectReference: {fileID: 0}
    - target: {fileID: 2667809297180465276, guid: ed8a341c541ffa94ba2aea6d2ee83412,
        type: 3}
      propertyPath: m_LocalRotation.x
      value: 0
      objectReference: {fileID: 0}
    - target: {fileID: 2667809297180465276, guid: ed8a341c541ffa94ba2aea6d2ee83412,
        type: 3}
      propertyPath: m_LocalRotation.y
      value: 0
      objectReference: {fileID: 0}
    - target: {fileID: 2667809297180465276, guid: ed8a341c541ffa94ba2aea6d2ee83412,
        type: 3}
      propertyPath: m_LocalRotation.z
      value: 0
      objectReference: {fileID: 0}
    - target: {fileID: 2667809297180465276, guid: ed8a341c541ffa94ba2aea6d2ee83412,
        type: 3}
      propertyPath: m_LocalRotation.w
      value: 1
      objectReference: {fileID: 0}
    - target: {fileID: 2667809297180465276, guid: ed8a341c541ffa94ba2aea6d2ee83412,
        type: 3}
      propertyPath: m_RootOrder
      value: 13
      objectReference: {fileID: 0}
    - target: {fileID: 2667809297180465276, guid: ed8a341c541ffa94ba2aea6d2ee83412,
        type: 3}
      propertyPath: m_LocalEulerAnglesHint.x
      value: 0
      objectReference: {fileID: 0}
    - target: {fileID: 2667809297180465276, guid: ed8a341c541ffa94ba2aea6d2ee83412,
        type: 3}
      propertyPath: m_LocalEulerAnglesHint.y
      value: 0
      objectReference: {fileID: 0}
    - target: {fileID: 2667809297180465276, guid: ed8a341c541ffa94ba2aea6d2ee83412,
        type: 3}
      propertyPath: m_LocalEulerAnglesHint.z
      value: 0
      objectReference: {fileID: 0}
    - target: {fileID: 1994770262682469333, guid: ed8a341c541ffa94ba2aea6d2ee83412,
        type: 3}
      propertyPath: location.x
      value: 7
      objectReference: {fileID: 0}
    - target: {fileID: 1994770262682469333, guid: ed8a341c541ffa94ba2aea6d2ee83412,
        type: 3}
      propertyPath: location.y
      value: 7
      objectReference: {fileID: 0}
    - target: {fileID: 1994770262682469333, guid: ed8a341c541ffa94ba2aea6d2ee83412,
        type: 3}
      propertyPath: unitName
      value: Soldier 0
      objectReference: {fileID: 0}
    - target: {fileID: 2858012917522590649, guid: ed8a341c541ffa94ba2aea6d2ee83412,
        type: 3}
      propertyPath: m_BodyType
      value: 0
      objectReference: {fileID: 0}
    - target: {fileID: 2858012917522590649, guid: ed8a341c541ffa94ba2aea6d2ee83412,
        type: 3}
      propertyPath: m_GravityScale
      value: 0
      objectReference: {fileID: 0}
    - target: {fileID: 2858012917522590649, guid: ed8a341c541ffa94ba2aea6d2ee83412,
        type: 3}
      propertyPath: m_AngularDrag
      value: 0
      objectReference: {fileID: 0}
    - target: {fileID: 5498891444501724378, guid: ed8a341c541ffa94ba2aea6d2ee83412,
        type: 3}
      propertyPath: m_IsTrigger
      value: 0
      objectReference: {fileID: 0}
    m_RemovedComponents: []
  m_SourcePrefab: {fileID: 100100000, guid: ed8a341c541ffa94ba2aea6d2ee83412, type: 3}
--- !u!1001 &648063318
PrefabInstance:
  m_ObjectHideFlags: 0
  serializedVersion: 2
  m_Modification:
    m_TransformParent: {fileID: 0}
    m_Modifications:
    - target: {fileID: 5597983077623465841, guid: d5387a5b7deded94fb40323541ce92b4,
        type: 3}
      propertyPath: m_Name
      value: Worker (11)
      objectReference: {fileID: 0}
    - target: {fileID: 5597983077623465842, guid: d5387a5b7deded94fb40323541ce92b4,
        type: 3}
      propertyPath: m_LocalPosition.x
      value: 14.099999
      objectReference: {fileID: 0}
    - target: {fileID: 5597983077623465842, guid: d5387a5b7deded94fb40323541ce92b4,
        type: 3}
      propertyPath: m_LocalPosition.y
      value: 5.8599997
      objectReference: {fileID: 0}
    - target: {fileID: 5597983077623465842, guid: d5387a5b7deded94fb40323541ce92b4,
        type: 3}
      propertyPath: m_LocalPosition.z
      value: 0
      objectReference: {fileID: 0}
    - target: {fileID: 5597983077623465842, guid: d5387a5b7deded94fb40323541ce92b4,
        type: 3}
      propertyPath: m_LocalRotation.x
      value: 0
      objectReference: {fileID: 0}
    - target: {fileID: 5597983077623465842, guid: d5387a5b7deded94fb40323541ce92b4,
        type: 3}
      propertyPath: m_LocalRotation.y
      value: 0
      objectReference: {fileID: 0}
    - target: {fileID: 5597983077623465842, guid: d5387a5b7deded94fb40323541ce92b4,
        type: 3}
      propertyPath: m_LocalRotation.z
      value: 0
      objectReference: {fileID: 0}
    - target: {fileID: 5597983077623465842, guid: d5387a5b7deded94fb40323541ce92b4,
        type: 3}
      propertyPath: m_LocalRotation.w
      value: 1
      objectReference: {fileID: 0}
    - target: {fileID: 5597983077623465842, guid: d5387a5b7deded94fb40323541ce92b4,
        type: 3}
      propertyPath: m_RootOrder
      value: 24
      objectReference: {fileID: 0}
    - target: {fileID: 5597983077623465842, guid: d5387a5b7deded94fb40323541ce92b4,
        type: 3}
      propertyPath: m_LocalEulerAnglesHint.x
      value: 0
      objectReference: {fileID: 0}
    - target: {fileID: 5597983077623465842, guid: d5387a5b7deded94fb40323541ce92b4,
        type: 3}
      propertyPath: m_LocalEulerAnglesHint.y
      value: 0
      objectReference: {fileID: 0}
    - target: {fileID: 5597983077623465842, guid: d5387a5b7deded94fb40323541ce92b4,
        type: 3}
      propertyPath: m_LocalEulerAnglesHint.z
      value: 0
      objectReference: {fileID: 0}
    - target: {fileID: 7912557850059152186, guid: d5387a5b7deded94fb40323541ce92b4,
        type: 3}
      propertyPath: location.x
      value: 8
      objectReference: {fileID: 0}
    - target: {fileID: 7912557850059152186, guid: d5387a5b7deded94fb40323541ce92b4,
        type: 3}
      propertyPath: location.y
      value: 9
      objectReference: {fileID: 0}
    - target: {fileID: 7912557850059152186, guid: d5387a5b7deded94fb40323541ce92b4,
        type: 3}
      propertyPath: unitName
      value: Worker 2
      objectReference: {fileID: 0}
    - target: {fileID: 7856630328294574264, guid: d5387a5b7deded94fb40323541ce92b4,
        type: 3}
      propertyPath: m_BodyType
      value: 0
      objectReference: {fileID: 0}
    - target: {fileID: 7856630328294574264, guid: d5387a5b7deded94fb40323541ce92b4,
        type: 3}
      propertyPath: m_GravityScale
      value: 0
      objectReference: {fileID: 0}
    - target: {fileID: 7856630328294574264, guid: d5387a5b7deded94fb40323541ce92b4,
        type: 3}
      propertyPath: m_AngularDrag
      value: 0
      objectReference: {fileID: 0}
    m_RemovedComponents: []
  m_SourcePrefab: {fileID: 100100000, guid: d5387a5b7deded94fb40323541ce92b4, type: 3}
--- !u!1 &915488389
GameObject:
  m_ObjectHideFlags: 0
  m_CorrespondingSourceObject: {fileID: 0}
  m_PrefabInstance: {fileID: 0}
  m_PrefabAsset: {fileID: 0}
  serializedVersion: 6
  m_Component:
  - component: {fileID: 915488393}
  - component: {fileID: 915488392}
  - component: {fileID: 915488391}
  - component: {fileID: 915488390}
  m_Layer: 5
  m_Name: Canvas
  m_TagString: Untagged
  m_Icon: {fileID: 0}
  m_NavMeshLayer: 0
  m_StaticEditorFlags: 0
  m_IsActive: 1
--- !u!114 &915488390
MonoBehaviour:
  m_ObjectHideFlags: 0
  m_CorrespondingSourceObject: {fileID: 0}
  m_PrefabInstance: {fileID: 0}
  m_PrefabAsset: {fileID: 0}
  m_GameObject: {fileID: 915488389}
  m_Enabled: 1
  m_EditorHideFlags: 0
  m_Script: {fileID: 11500000, guid: dc42784cf147c0c48a680349fa168899, type: 3}
  m_Name: 
  m_EditorClassIdentifier: 
  m_IgnoreReversedGraphics: 1
  m_BlockingObjects: 0
  m_BlockingMask:
    serializedVersion: 2
    m_Bits: 4294967295
--- !u!114 &915488391
MonoBehaviour:
  m_ObjectHideFlags: 0
  m_CorrespondingSourceObject: {fileID: 0}
  m_PrefabInstance: {fileID: 0}
  m_PrefabAsset: {fileID: 0}
  m_GameObject: {fileID: 915488389}
  m_Enabled: 1
  m_EditorHideFlags: 0
  m_Script: {fileID: 11500000, guid: 0cd44c1031e13a943bb63640046fad76, type: 3}
  m_Name: 
  m_EditorClassIdentifier: 
  m_UiScaleMode: 0
  m_ReferencePixelsPerUnit: 100
  m_ScaleFactor: 1
  m_ReferenceResolution: {x: 800, y: 600}
  m_ScreenMatchMode: 0
  m_MatchWidthOrHeight: 0
  m_PhysicalUnit: 3
  m_FallbackScreenDPI: 96
  m_DefaultSpriteDPI: 96
  m_DynamicPixelsPerUnit: 1
--- !u!223 &915488392
Canvas:
  m_ObjectHideFlags: 0
  m_CorrespondingSourceObject: {fileID: 0}
  m_PrefabInstance: {fileID: 0}
  m_PrefabAsset: {fileID: 0}
  m_GameObject: {fileID: 915488389}
  m_Enabled: 1
  serializedVersion: 3
  m_RenderMode: 0
  m_Camera: {fileID: 0}
  m_PlaneDistance: 100
  m_PixelPerfect: 0
  m_ReceivesEvents: 1
  m_OverrideSorting: 0
  m_OverridePixelPerfect: 0
  m_SortingBucketNormalizedSize: 0
  m_AdditionalShaderChannelsFlag: 0
  m_SortingLayerID: 0
  m_SortingOrder: 0
  m_TargetDisplay: 0
--- !u!224 &915488393
RectTransform:
  m_ObjectHideFlags: 0
  m_CorrespondingSourceObject: {fileID: 0}
  m_PrefabInstance: {fileID: 0}
  m_PrefabAsset: {fileID: 0}
  m_GameObject: {fileID: 915488389}
  m_LocalRotation: {x: 0, y: 0, z: 0, w: 1}
  m_LocalPosition: {x: 0, y: 0, z: 0}
  m_LocalScale: {x: 0, y: 0, z: 0}
  m_Children:
  - {fileID: 1339797908}
  m_Father: {fileID: 0}
  m_RootOrder: 2
  m_LocalEulerAnglesHint: {x: 0, y: 0, z: 0}
  m_AnchorMin: {x: 0, y: 0}
  m_AnchorMax: {x: 0, y: 0}
  m_AnchoredPosition: {x: 0, y: 0}
  m_SizeDelta: {x: 0, y: 0}
  m_Pivot: {x: 0, y: 0}
--- !u!1 &1007730510
GameObject:
  m_ObjectHideFlags: 0
  m_CorrespondingSourceObject: {fileID: 0}
  m_PrefabInstance: {fileID: 0}
  m_PrefabAsset: {fileID: 0}
  serializedVersion: 6
  m_Component:
  - component: {fileID: 1007730514}
  - component: {fileID: 1007730513}
  m_Layer: 0
  m_Name: Image
  m_TagString: Untagged
  m_Icon: {fileID: 0}
  m_NavMeshLayer: 0
  m_StaticEditorFlags: 0
  m_IsActive: 1
--- !u!212 &1007730513
SpriteRenderer:
  m_ObjectHideFlags: 0
  m_CorrespondingSourceObject: {fileID: 0}
  m_PrefabInstance: {fileID: 0}
  m_PrefabAsset: {fileID: 0}
  m_GameObject: {fileID: 1007730510}
  m_Enabled: 1
  m_CastShadows: 0
  m_ReceiveShadows: 0
  m_DynamicOccludee: 1
  m_MotionVectors: 1
  m_LightProbeUsage: 1
  m_ReflectionProbeUsage: 1
  m_RenderingLayerMask: 1
  m_RendererPriority: 0
  m_Materials:
  - {fileID: 10754, guid: 0000000000000000f000000000000000, type: 0}
  m_StaticBatchInfo:
    firstSubMesh: 0
    subMeshCount: 0
  m_StaticBatchRoot: {fileID: 0}
  m_ProbeAnchor: {fileID: 0}
  m_LightProbeVolumeOverride: {fileID: 0}
  m_ScaleInLightmap: 1
  m_ReceiveGI: 1
  m_PreserveUVs: 0
  m_IgnoreNormalsForChartDetection: 0
  m_ImportantGI: 0
  m_StitchLightmapSeams: 0
  m_SelectedEditorRenderState: 0
  m_MinimumChartSize: 4
  m_AutoUVMaxDistance: 0.5
  m_AutoUVMaxAngle: 89
  m_LightmapParameters: {fileID: 0}
  m_SortingLayerID: 0
  m_SortingLayer: 0
  m_SortingOrder: 0
  m_Sprite: {fileID: 21300000, guid: a330bcdaf0ffd5549a6457a6d50285d6, type: 3}
  m_Color: {r: 1, g: 1, b: 1, a: 0.105882354}
  m_FlipX: 0
  m_FlipY: 0
  m_DrawMode: 0
  m_Size: {x: 0.15, y: 0.15}
  m_AdaptiveModeThreshold: 0.5
  m_SpriteTileMode: 0
  m_WasSpriteAssigned: 1
  m_MaskInteraction: 0
  m_SpriteSortPoint: 0
--- !u!4 &1007730514
Transform:
  m_ObjectHideFlags: 0
  m_CorrespondingSourceObject: {fileID: 0}
  m_PrefabInstance: {fileID: 0}
  m_PrefabAsset: {fileID: 0}
  m_GameObject: {fileID: 1007730510}
  m_LocalRotation: {x: -0, y: -0, z: -0, w: 1}
  m_LocalPosition: {x: 0.05, y: -0.05, z: 0}
  m_LocalScale: {x: 1, y: 1, z: 1}
  m_Children: []
  m_Father: {fileID: 149998410}
  m_RootOrder: 0
  m_LocalEulerAnglesHint: {x: 0, y: 0, z: 0}
--- !u!1001 &1026928099
PrefabInstance:
  m_ObjectHideFlags: 0
  serializedVersion: 2
  m_Modification:
    m_TransformParent: {fileID: 0}
    m_Modifications:
    - target: {fileID: 5597983077623465841, guid: d5387a5b7deded94fb40323541ce92b4,
        type: 3}
      propertyPath: m_Name
      value: Worker (7)
      objectReference: {fileID: 0}
    - target: {fileID: 5597983077623465842, guid: d5387a5b7deded94fb40323541ce92b4,
        type: 3}
      propertyPath: m_LocalPosition.x
      value: 0.48
      objectReference: {fileID: 0}
    - target: {fileID: 5597983077623465842, guid: d5387a5b7deded94fb40323541ce92b4,
        type: 3}
      propertyPath: m_LocalPosition.y
      value: 11.39
      objectReference: {fileID: 0}
    - target: {fileID: 5597983077623465842, guid: d5387a5b7deded94fb40323541ce92b4,
        type: 3}
      propertyPath: m_LocalPosition.z
      value: 0
      objectReference: {fileID: 0}
    - target: {fileID: 5597983077623465842, guid: d5387a5b7deded94fb40323541ce92b4,
        type: 3}
      propertyPath: m_LocalRotation.x
      value: 0
      objectReference: {fileID: 0}
    - target: {fileID: 5597983077623465842, guid: d5387a5b7deded94fb40323541ce92b4,
        type: 3}
      propertyPath: m_LocalRotation.y
      value: 0
      objectReference: {fileID: 0}
    - target: {fileID: 5597983077623465842, guid: d5387a5b7deded94fb40323541ce92b4,
        type: 3}
      propertyPath: m_LocalRotation.z
      value: 0
      objectReference: {fileID: 0}
    - target: {fileID: 5597983077623465842, guid: d5387a5b7deded94fb40323541ce92b4,
        type: 3}
      propertyPath: m_LocalRotation.w
      value: 1
      objectReference: {fileID: 0}
    - target: {fileID: 5597983077623465842, guid: d5387a5b7deded94fb40323541ce92b4,
        type: 3}
      propertyPath: m_RootOrder
      value: 17
      objectReference: {fileID: 0}
    - target: {fileID: 5597983077623465842, guid: d5387a5b7deded94fb40323541ce92b4,
        type: 3}
      propertyPath: m_LocalEulerAnglesHint.x
      value: 0
      objectReference: {fileID: 0}
    - target: {fileID: 5597983077623465842, guid: d5387a5b7deded94fb40323541ce92b4,
        type: 3}
      propertyPath: m_LocalEulerAnglesHint.y
      value: 0
      objectReference: {fileID: 0}
    - target: {fileID: 5597983077623465842, guid: d5387a5b7deded94fb40323541ce92b4,
        type: 3}
      propertyPath: m_LocalEulerAnglesHint.z
      value: 0
      objectReference: {fileID: 0}
    - target: {fileID: 7912557850059152186, guid: d5387a5b7deded94fb40323541ce92b4,
        type: 3}
      propertyPath: location.x
      value: 8
      objectReference: {fileID: 0}
    - target: {fileID: 7912557850059152186, guid: d5387a5b7deded94fb40323541ce92b4,
        type: 3}
      propertyPath: location.y
      value: 9
      objectReference: {fileID: 0}
    - target: {fileID: 7912557850059152186, guid: d5387a5b7deded94fb40323541ce92b4,
        type: 3}
      propertyPath: unitName
      value: Worker 2
      objectReference: {fileID: 0}
    - target: {fileID: 7856630328294574264, guid: d5387a5b7deded94fb40323541ce92b4,
        type: 3}
      propertyPath: m_BodyType
      value: 0
      objectReference: {fileID: 0}
    - target: {fileID: 7856630328294574264, guid: d5387a5b7deded94fb40323541ce92b4,
        type: 3}
      propertyPath: m_GravityScale
      value: 0
      objectReference: {fileID: 0}
    - target: {fileID: 7856630328294574264, guid: d5387a5b7deded94fb40323541ce92b4,
        type: 3}
      propertyPath: m_AngularDrag
      value: 0
      objectReference: {fileID: 0}
    m_RemovedComponents: []
  m_SourcePrefab: {fileID: 100100000, guid: d5387a5b7deded94fb40323541ce92b4, type: 3}
--- !u!1001 &1072275859
PrefabInstance:
  m_ObjectHideFlags: 0
  serializedVersion: 2
  m_Modification:
    m_TransformParent: {fileID: 0}
    m_Modifications:
    - target: {fileID: 5597983077623465841, guid: d5387a5b7deded94fb40323541ce92b4,
        type: 3}
      propertyPath: m_Name
      value: Worker (10)
      objectReference: {fileID: 0}
    - target: {fileID: 5597983077623465842, guid: d5387a5b7deded94fb40323541ce92b4,
        type: 3}
      propertyPath: m_LocalPosition.x
      value: 13.62
      objectReference: {fileID: 0}
    - target: {fileID: 5597983077623465842, guid: d5387a5b7deded94fb40323541ce92b4,
        type: 3}
      propertyPath: m_LocalPosition.y
      value: 4.1
      objectReference: {fileID: 0}
    - target: {fileID: 5597983077623465842, guid: d5387a5b7deded94fb40323541ce92b4,
        type: 3}
      propertyPath: m_LocalPosition.z
      value: 0
      objectReference: {fileID: 0}
    - target: {fileID: 5597983077623465842, guid: d5387a5b7deded94fb40323541ce92b4,
        type: 3}
      propertyPath: m_LocalRotation.x
      value: 0
      objectReference: {fileID: 0}
    - target: {fileID: 5597983077623465842, guid: d5387a5b7deded94fb40323541ce92b4,
        type: 3}
      propertyPath: m_LocalRotation.y
      value: 0
      objectReference: {fileID: 0}
    - target: {fileID: 5597983077623465842, guid: d5387a5b7deded94fb40323541ce92b4,
        type: 3}
      propertyPath: m_LocalRotation.z
      value: 0
      objectReference: {fileID: 0}
    - target: {fileID: 5597983077623465842, guid: d5387a5b7deded94fb40323541ce92b4,
        type: 3}
      propertyPath: m_LocalRotation.w
      value: 1
      objectReference: {fileID: 0}
    - target: {fileID: 5597983077623465842, guid: d5387a5b7deded94fb40323541ce92b4,
        type: 3}
      propertyPath: m_RootOrder
      value: 23
      objectReference: {fileID: 0}
    - target: {fileID: 5597983077623465842, guid: d5387a5b7deded94fb40323541ce92b4,
        type: 3}
      propertyPath: m_LocalEulerAnglesHint.x
      value: 0
      objectReference: {fileID: 0}
    - target: {fileID: 5597983077623465842, guid: d5387a5b7deded94fb40323541ce92b4,
        type: 3}
      propertyPath: m_LocalEulerAnglesHint.y
      value: 0
      objectReference: {fileID: 0}
    - target: {fileID: 5597983077623465842, guid: d5387a5b7deded94fb40323541ce92b4,
        type: 3}
      propertyPath: m_LocalEulerAnglesHint.z
      value: 0
      objectReference: {fileID: 0}
    - target: {fileID: 7912557850059152186, guid: d5387a5b7deded94fb40323541ce92b4,
        type: 3}
      propertyPath: location.x
      value: 10
      objectReference: {fileID: 0}
    - target: {fileID: 7912557850059152186, guid: d5387a5b7deded94fb40323541ce92b4,
        type: 3}
      propertyPath: location.y
      value: 10
      objectReference: {fileID: 0}
    - target: {fileID: 7912557850059152186, guid: d5387a5b7deded94fb40323541ce92b4,
        type: 3}
      propertyPath: unitName
      value: Worker 0
      objectReference: {fileID: 0}
    - target: {fileID: 314465237890772332, guid: d5387a5b7deded94fb40323541ce92b4,
        type: 3}
      propertyPath: m_IsTrigger
      value: 0
      objectReference: {fileID: 0}
    - target: {fileID: 7856630328294574264, guid: d5387a5b7deded94fb40323541ce92b4,
        type: 3}
      propertyPath: m_BodyType
      value: 0
      objectReference: {fileID: 0}
    - target: {fileID: 7856630328294574264, guid: d5387a5b7deded94fb40323541ce92b4,
        type: 3}
      propertyPath: m_GravityScale
      value: 0
      objectReference: {fileID: 0}
    - target: {fileID: 7856630328294574264, guid: d5387a5b7deded94fb40323541ce92b4,
        type: 3}
      propertyPath: m_AngularDrag
      value: 0
      objectReference: {fileID: 0}
    m_RemovedComponents: []
  m_SourcePrefab: {fileID: 100100000, guid: d5387a5b7deded94fb40323541ce92b4, type: 3}
--- !u!1001 &1188875381
PrefabInstance:
  m_ObjectHideFlags: 0
  serializedVersion: 2
  m_Modification:
    m_TransformParent: {fileID: 0}
    m_Modifications:
    - target: {fileID: 5597983077623465841, guid: d5387a5b7deded94fb40323541ce92b4,
        type: 3}
      propertyPath: m_Name
      value: Worker (4)
      objectReference: {fileID: 0}
    - target: {fileID: 5597983077623465842, guid: d5387a5b7deded94fb40323541ce92b4,
        type: 3}
      propertyPath: m_LocalPosition.x
      value: 14.099999
      objectReference: {fileID: 0}
    - target: {fileID: 5597983077623465842, guid: d5387a5b7deded94fb40323541ce92b4,
        type: 3}
      propertyPath: m_LocalPosition.y
      value: -3.7700002
      objectReference: {fileID: 0}
    - target: {fileID: 5597983077623465842, guid: d5387a5b7deded94fb40323541ce92b4,
        type: 3}
      propertyPath: m_LocalPosition.z
      value: 0
      objectReference: {fileID: 0}
    - target: {fileID: 5597983077623465842, guid: d5387a5b7deded94fb40323541ce92b4,
        type: 3}
      propertyPath: m_LocalRotation.x
      value: 0
      objectReference: {fileID: 0}
    - target: {fileID: 5597983077623465842, guid: d5387a5b7deded94fb40323541ce92b4,
        type: 3}
      propertyPath: m_LocalRotation.y
      value: 0
      objectReference: {fileID: 0}
    - target: {fileID: 5597983077623465842, guid: d5387a5b7deded94fb40323541ce92b4,
        type: 3}
      propertyPath: m_LocalRotation.z
      value: 0
      objectReference: {fileID: 0}
    - target: {fileID: 5597983077623465842, guid: d5387a5b7deded94fb40323541ce92b4,
        type: 3}
      propertyPath: m_LocalRotation.w
      value: 1
      objectReference: {fileID: 0}
    - target: {fileID: 5597983077623465842, guid: d5387a5b7deded94fb40323541ce92b4,
        type: 3}
      propertyPath: m_RootOrder
      value: 12
      objectReference: {fileID: 0}
    - target: {fileID: 5597983077623465842, guid: d5387a5b7deded94fb40323541ce92b4,
        type: 3}
      propertyPath: m_LocalEulerAnglesHint.x
      value: 0
      objectReference: {fileID: 0}
    - target: {fileID: 5597983077623465842, guid: d5387a5b7deded94fb40323541ce92b4,
        type: 3}
      propertyPath: m_LocalEulerAnglesHint.y
      value: 0
      objectReference: {fileID: 0}
    - target: {fileID: 5597983077623465842, guid: d5387a5b7deded94fb40323541ce92b4,
        type: 3}
      propertyPath: m_LocalEulerAnglesHint.z
      value: 0
      objectReference: {fileID: 0}
    - target: {fileID: 7912557850059152186, guid: d5387a5b7deded94fb40323541ce92b4,
        type: 3}
      propertyPath: location.x
      value: 8
      objectReference: {fileID: 0}
    - target: {fileID: 7912557850059152186, guid: d5387a5b7deded94fb40323541ce92b4,
        type: 3}
      propertyPath: location.y
      value: 9
      objectReference: {fileID: 0}
    - target: {fileID: 7912557850059152186, guid: d5387a5b7deded94fb40323541ce92b4,
        type: 3}
      propertyPath: unitName
      value: Worker 2
      objectReference: {fileID: 0}
    - target: {fileID: 7856630328294574264, guid: d5387a5b7deded94fb40323541ce92b4,
        type: 3}
      propertyPath: m_BodyType
      value: 0
      objectReference: {fileID: 0}
    - target: {fileID: 7856630328294574264, guid: d5387a5b7deded94fb40323541ce92b4,
        type: 3}
      propertyPath: m_GravityScale
      value: 0
      objectReference: {fileID: 0}
    - target: {fileID: 7856630328294574264, guid: d5387a5b7deded94fb40323541ce92b4,
        type: 3}
      propertyPath: m_AngularDrag
      value: 0
      objectReference: {fileID: 0}
    m_RemovedComponents: []
  m_SourcePrefab: {fileID: 100100000, guid: d5387a5b7deded94fb40323541ce92b4, type: 3}
--- !u!1 &1247269666
GameObject:
  m_ObjectHideFlags: 0
  m_CorrespondingSourceObject: {fileID: 0}
  m_PrefabInstance: {fileID: 0}
  m_PrefabAsset: {fileID: 0}
  serializedVersion: 6
  m_Component:
  - component: {fileID: 1247269667}
  - component: {fileID: 1247269669}
  - component: {fileID: 1247269668}
  m_Layer: 0
  m_Name: UIController
  m_TagString: Untagged
  m_Icon: {fileID: 0}
  m_NavMeshLayer: 0
  m_StaticEditorFlags: 0
  m_IsActive: 1
--- !u!4 &1247269667
Transform:
  m_ObjectHideFlags: 0
  m_CorrespondingSourceObject: {fileID: 0}
  m_PrefabInstance: {fileID: 0}
  m_PrefabAsset: {fileID: 0}
  m_GameObject: {fileID: 1247269666}
  m_LocalRotation: {x: -0, y: -0, z: -0, w: 1}
  m_LocalPosition: {x: -413.1624, y: -505.45798, z: 200.25}
  m_LocalScale: {x: 1, y: 1, z: 1}
  m_Children: []
  m_Father: {fileID: 2093411289}
  m_RootOrder: 0
  m_LocalEulerAnglesHint: {x: 0, y: 0, z: 0}
--- !u!114 &1247269668
MonoBehaviour:
  m_ObjectHideFlags: 0
  m_CorrespondingSourceObject: {fileID: 0}
  m_PrefabInstance: {fileID: 0}
  m_PrefabAsset: {fileID: 0}
  m_GameObject: {fileID: 1247269666}
  m_Enabled: 1
  m_EditorHideFlags: 0
  m_Script: {fileID: 11500000, guid: 55938fb1577dd4ad3af7e994048c86f6, type: 3}
  m_Name: 
  m_EditorClassIdentifier: 
--- !u!114 &1247269669
MonoBehaviour:
  m_ObjectHideFlags: 0
  m_CorrespondingSourceObject: {fileID: 0}
  m_PrefabInstance: {fileID: 0}
  m_PrefabAsset: {fileID: 0}
  m_GameObject: {fileID: 1247269666}
  m_Enabled: 1
  m_EditorHideFlags: 0
  m_Script: {fileID: 11500000, guid: 7f7d3e43fd272074787d3f73e2b24d5a, type: 3}
  m_Name: 
  m_EditorClassIdentifier: 
  _dontDestroyOnLoad: 0
  smallestSize: 0.25
  rectInstance: {fileID: 149998409}
--- !u!1001 &1266123071
PrefabInstance:
  m_ObjectHideFlags: 0
  serializedVersion: 2
  m_Modification:
    m_TransformParent: {fileID: 0}
    m_Modifications:
    - target: {fileID: 385158567879424226, guid: ed8a341c541ffa94ba2aea6d2ee83412,
        type: 3}
      propertyPath: m_Name
      value: Soldier (5)
      objectReference: {fileID: 0}
    - target: {fileID: 2667809297180465276, guid: ed8a341c541ffa94ba2aea6d2ee83412,
        type: 3}
      propertyPath: m_LocalPosition.x
      value: -4.71
      objectReference: {fileID: 0}
    - target: {fileID: 2667809297180465276, guid: ed8a341c541ffa94ba2aea6d2ee83412,
        type: 3}
      propertyPath: m_LocalPosition.y
      value: 7.7000003
      objectReference: {fileID: 0}
    - target: {fileID: 2667809297180465276, guid: ed8a341c541ffa94ba2aea6d2ee83412,
        type: 3}
      propertyPath: m_LocalPosition.z
      value: 0
      objectReference: {fileID: 0}
    - target: {fileID: 2667809297180465276, guid: ed8a341c541ffa94ba2aea6d2ee83412,
        type: 3}
      propertyPath: m_LocalRotation.x
      value: 0
      objectReference: {fileID: 0}
    - target: {fileID: 2667809297180465276, guid: ed8a341c541ffa94ba2aea6d2ee83412,
        type: 3}
      propertyPath: m_LocalRotation.y
      value: 0
      objectReference: {fileID: 0}
    - target: {fileID: 2667809297180465276, guid: ed8a341c541ffa94ba2aea6d2ee83412,
        type: 3}
      propertyPath: m_LocalRotation.z
      value: 0
      objectReference: {fileID: 0}
    - target: {fileID: 2667809297180465276, guid: ed8a341c541ffa94ba2aea6d2ee83412,
        type: 3}
      propertyPath: m_LocalRotation.w
      value: 1
      objectReference: {fileID: 0}
    - target: {fileID: 2667809297180465276, guid: ed8a341c541ffa94ba2aea6d2ee83412,
        type: 3}
      propertyPath: m_RootOrder
      value: 19
      objectReference: {fileID: 0}
    - target: {fileID: 2667809297180465276, guid: ed8a341c541ffa94ba2aea6d2ee83412,
        type: 3}
      propertyPath: m_LocalEulerAnglesHint.x
      value: 0
      objectReference: {fileID: 0}
    - target: {fileID: 2667809297180465276, guid: ed8a341c541ffa94ba2aea6d2ee83412,
        type: 3}
      propertyPath: m_LocalEulerAnglesHint.y
      value: 0
      objectReference: {fileID: 0}
    - target: {fileID: 2667809297180465276, guid: ed8a341c541ffa94ba2aea6d2ee83412,
        type: 3}
      propertyPath: m_LocalEulerAnglesHint.z
      value: 0
      objectReference: {fileID: 0}
    - target: {fileID: 1994770262682469333, guid: ed8a341c541ffa94ba2aea6d2ee83412,
        type: 3}
      propertyPath: location.x
      value: 12
      objectReference: {fileID: 0}
    - target: {fileID: 1994770262682469333, guid: ed8a341c541ffa94ba2aea6d2ee83412,
        type: 3}
      propertyPath: location.y
      value: 12
      objectReference: {fileID: 0}
    - target: {fileID: 1994770262682469333, guid: ed8a341c541ffa94ba2aea6d2ee83412,
        type: 3}
      propertyPath: unitName
      value: Soldier 1
      objectReference: {fileID: 0}
    - target: {fileID: 2858012917522590649, guid: ed8a341c541ffa94ba2aea6d2ee83412,
        type: 3}
      propertyPath: m_BodyType
      value: 0
      objectReference: {fileID: 0}
    - target: {fileID: 2858012917522590649, guid: ed8a341c541ffa94ba2aea6d2ee83412,
        type: 3}
      propertyPath: m_GravityScale
      value: 0
      objectReference: {fileID: 0}
    - target: {fileID: 2858012917522590649, guid: ed8a341c541ffa94ba2aea6d2ee83412,
        type: 3}
      propertyPath: m_AngularDrag
      value: 0
      objectReference: {fileID: 0}
    m_RemovedComponents: []
  m_SourcePrefab: {fileID: 100100000, guid: ed8a341c541ffa94ba2aea6d2ee83412, type: 3}
--- !u!1 &1339797907
GameObject:
  m_ObjectHideFlags: 0
  m_CorrespondingSourceObject: {fileID: 0}
  m_PrefabInstance: {fileID: 0}
  m_PrefabAsset: {fileID: 0}
  serializedVersion: 6
  m_Component:
  - component: {fileID: 1339797908}
  - component: {fileID: 1339797910}
  - component: {fileID: 1339797911}
  - component: {fileID: 1339797909}
  m_Layer: 5
  m_Name: SelectedList
  m_TagString: Untagged
  m_Icon: {fileID: 0}
  m_NavMeshLayer: 0
  m_StaticEditorFlags: 0
  m_IsActive: 1
--- !u!224 &1339797908
RectTransform:
  m_ObjectHideFlags: 0
  m_CorrespondingSourceObject: {fileID: 0}
  m_PrefabInstance: {fileID: 0}
  m_PrefabAsset: {fileID: 0}
  m_GameObject: {fileID: 1339797907}
  m_LocalRotation: {x: 0, y: 0, z: 0, w: 1}
  m_LocalPosition: {x: 0, y: 0, z: 0}
  m_LocalScale: {x: 1, y: 1, z: 1}
  m_Children: []
  m_Father: {fileID: 915488393}
  m_RootOrder: 0
  m_LocalEulerAnglesHint: {x: 0, y: 0, z: 0}
  m_AnchorMin: {x: 0.5, y: 0.5}
  m_AnchorMax: {x: 0.5, y: 0.5}
  m_AnchoredPosition: {x: -457.8, y: 159.5}
  m_SizeDelta: {x: 294.4, y: 319}
  m_Pivot: {x: 0.5, y: 0.5}
--- !u!114 &1339797909
MonoBehaviour:
  m_ObjectHideFlags: 0
  m_CorrespondingSourceObject: {fileID: 0}
  m_PrefabInstance: {fileID: 0}
  m_PrefabAsset: {fileID: 0}
  m_GameObject: {fileID: 1339797907}
  m_Enabled: 1
  m_EditorHideFlags: 0
  m_Script: {fileID: 11500000, guid: 5f7201a12d95ffc409449d95f23cf332, type: 3}
  m_Name: 
  m_EditorClassIdentifier: 
  m_Material: {fileID: 0}
  m_Color: {r: 0, g: 0, b: 0, a: 1}
  m_RaycastTarget: 1
  m_OnCullStateChanged:
    m_PersistentCalls:
      m_Calls: []
    m_TypeName: UnityEngine.UI.MaskableGraphic+CullStateChangedEvent, UnityEngine.UI,
      Version=1.0.0.0, Culture=neutral, PublicKeyToken=null
  m_FontData:
    m_Font: {fileID: 10102, guid: 0000000000000000e000000000000000, type: 0}
    m_FontSize: 14
    m_FontStyle: 0
    m_BestFit: 0
    m_MinSize: 10
    m_MaxSize: 40
    m_Alignment: 0
    m_AlignByGeometry: 0
    m_RichText: 1
    m_HorizontalOverflow: 0
    m_VerticalOverflow: 0
    m_LineSpacing: 1
  m_Text: <b>Selected:</b>
--- !u!222 &1339797910
CanvasRenderer:
  m_ObjectHideFlags: 0
  m_CorrespondingSourceObject: {fileID: 0}
  m_PrefabInstance: {fileID: 0}
  m_PrefabAsset: {fileID: 0}
  m_GameObject: {fileID: 1339797907}
  m_CullTransparentMesh: 0
--- !u!114 &1339797911
MonoBehaviour:
  m_ObjectHideFlags: 0
  m_CorrespondingSourceObject: {fileID: 0}
  m_PrefabInstance: {fileID: 0}
  m_PrefabAsset: {fileID: 0}
  m_GameObject: {fileID: 1339797907}
  m_Enabled: 1
  m_EditorHideFlags: 0
  m_Script: {fileID: 11500000, guid: b2ec76f0d73b34c4e9cbdc22d1d8d58d, type: 3}
  m_Name: 
  m_EditorClassIdentifier: 
--- !u!1001 &1499416474
PrefabInstance:
  m_ObjectHideFlags: 0
  serializedVersion: 2
  m_Modification:
    m_TransformParent: {fileID: 0}
    m_Modifications:
    - target: {fileID: 5597983077623465841, guid: d5387a5b7deded94fb40323541ce92b4,
        type: 3}
      propertyPath: m_Name
      value: Worker (5)
      objectReference: {fileID: 0}
    - target: {fileID: 5597983077623465842, guid: d5387a5b7deded94fb40323541ce92b4,
        type: 3}
      propertyPath: m_LocalPosition.x
      value: 13.62
      objectReference: {fileID: 0}
    - target: {fileID: 5597983077623465842, guid: d5387a5b7deded94fb40323541ce92b4,
        type: 3}
      propertyPath: m_LocalPosition.y
      value: -5.53
      objectReference: {fileID: 0}
    - target: {fileID: 5597983077623465842, guid: d5387a5b7deded94fb40323541ce92b4,
        type: 3}
      propertyPath: m_LocalPosition.z
      value: 0
      objectReference: {fileID: 0}
    - target: {fileID: 5597983077623465842, guid: d5387a5b7deded94fb40323541ce92b4,
        type: 3}
      propertyPath: m_LocalRotation.x
      value: 0
      objectReference: {fileID: 0}
    - target: {fileID: 5597983077623465842, guid: d5387a5b7deded94fb40323541ce92b4,
        type: 3}
      propertyPath: m_LocalRotation.y
      value: 0
      objectReference: {fileID: 0}
    - target: {fileID: 5597983077623465842, guid: d5387a5b7deded94fb40323541ce92b4,
        type: 3}
      propertyPath: m_LocalRotation.z
      value: 0
      objectReference: {fileID: 0}
    - target: {fileID: 5597983077623465842, guid: d5387a5b7deded94fb40323541ce92b4,
        type: 3}
      propertyPath: m_LocalRotation.w
      value: 1
      objectReference: {fileID: 0}
    - target: {fileID: 5597983077623465842, guid: d5387a5b7deded94fb40323541ce92b4,
        type: 3}
      propertyPath: m_RootOrder
      value: 15
      objectReference: {fileID: 0}
    - target: {fileID: 5597983077623465842, guid: d5387a5b7deded94fb40323541ce92b4,
        type: 3}
      propertyPath: m_LocalEulerAnglesHint.x
      value: 0
      objectReference: {fileID: 0}
    - target: {fileID: 5597983077623465842, guid: d5387a5b7deded94fb40323541ce92b4,
        type: 3}
      propertyPath: m_LocalEulerAnglesHint.y
      value: 0
      objectReference: {fileID: 0}
    - target: {fileID: 5597983077623465842, guid: d5387a5b7deded94fb40323541ce92b4,
        type: 3}
      propertyPath: m_LocalEulerAnglesHint.z
      value: 0
      objectReference: {fileID: 0}
    - target: {fileID: 7912557850059152186, guid: d5387a5b7deded94fb40323541ce92b4,
        type: 3}
      propertyPath: location.x
      value: 10
      objectReference: {fileID: 0}
    - target: {fileID: 7912557850059152186, guid: d5387a5b7deded94fb40323541ce92b4,
        type: 3}
      propertyPath: location.y
      value: 10
      objectReference: {fileID: 0}
    - target: {fileID: 7912557850059152186, guid: d5387a5b7deded94fb40323541ce92b4,
        type: 3}
      propertyPath: unitName
      value: Worker 0
      objectReference: {fileID: 0}
    - target: {fileID: 314465237890772332, guid: d5387a5b7deded94fb40323541ce92b4,
        type: 3}
      propertyPath: m_IsTrigger
      value: 0
      objectReference: {fileID: 0}
    - target: {fileID: 7856630328294574264, guid: d5387a5b7deded94fb40323541ce92b4,
        type: 3}
      propertyPath: m_BodyType
      value: 0
      objectReference: {fileID: 0}
    - target: {fileID: 7856630328294574264, guid: d5387a5b7deded94fb40323541ce92b4,
        type: 3}
      propertyPath: m_GravityScale
      value: 0
      objectReference: {fileID: 0}
    - target: {fileID: 7856630328294574264, guid: d5387a5b7deded94fb40323541ce92b4,
        type: 3}
      propertyPath: m_AngularDrag
      value: 0
      objectReference: {fileID: 0}
    m_RemovedComponents: []
  m_SourcePrefab: {fileID: 100100000, guid: d5387a5b7deded94fb40323541ce92b4, type: 3}
--- !u!1001 &1654371632
PrefabInstance:
  m_ObjectHideFlags: 0
  serializedVersion: 2
  m_Modification:
    m_TransformParent: {fileID: 0}
    m_Modifications:
    - target: {fileID: 5597983077623465841, guid: d5387a5b7deded94fb40323541ce92b4,
        type: 3}
      propertyPath: m_Name
      value: Worker (3)
      objectReference: {fileID: 0}
    - target: {fileID: 5597983077623465842, guid: d5387a5b7deded94fb40323541ce92b4,
        type: 3}
      propertyPath: m_LocalPosition.x
      value: 15.45
      objectReference: {fileID: 0}
    - target: {fileID: 5597983077623465842, guid: d5387a5b7deded94fb40323541ce92b4,
        type: 3}
      propertyPath: m_LocalPosition.y
      value: -5.53
      objectReference: {fileID: 0}
    - target: {fileID: 5597983077623465842, guid: d5387a5b7deded94fb40323541ce92b4,
        type: 3}
      propertyPath: m_LocalPosition.z
      value: 0
      objectReference: {fileID: 0}
    - target: {fileID: 5597983077623465842, guid: d5387a5b7deded94fb40323541ce92b4,
        type: 3}
      propertyPath: m_LocalRotation.x
      value: 0
      objectReference: {fileID: 0}
    - target: {fileID: 5597983077623465842, guid: d5387a5b7deded94fb40323541ce92b4,
        type: 3}
      propertyPath: m_LocalRotation.y
      value: 0
      objectReference: {fileID: 0}
    - target: {fileID: 5597983077623465842, guid: d5387a5b7deded94fb40323541ce92b4,
        type: 3}
      propertyPath: m_LocalRotation.z
      value: 0
      objectReference: {fileID: 0}
    - target: {fileID: 5597983077623465842, guid: d5387a5b7deded94fb40323541ce92b4,
        type: 3}
      propertyPath: m_LocalRotation.w
      value: 1
      objectReference: {fileID: 0}
    - target: {fileID: 5597983077623465842, guid: d5387a5b7deded94fb40323541ce92b4,
        type: 3}
      propertyPath: m_RootOrder
      value: 11
      objectReference: {fileID: 0}
    - target: {fileID: 5597983077623465842, guid: d5387a5b7deded94fb40323541ce92b4,
        type: 3}
      propertyPath: m_LocalEulerAnglesHint.x
      value: 0
      objectReference: {fileID: 0}
    - target: {fileID: 5597983077623465842, guid: d5387a5b7deded94fb40323541ce92b4,
        type: 3}
      propertyPath: m_LocalEulerAnglesHint.y
      value: 0
      objectReference: {fileID: 0}
    - target: {fileID: 5597983077623465842, guid: d5387a5b7deded94fb40323541ce92b4,
        type: 3}
      propertyPath: m_LocalEulerAnglesHint.z
      value: 0
      objectReference: {fileID: 0}
    - target: {fileID: 7912557850059152186, guid: d5387a5b7deded94fb40323541ce92b4,
        type: 3}
      propertyPath: location.x
      value: 7
      objectReference: {fileID: 0}
    - target: {fileID: 7912557850059152186, guid: d5387a5b7deded94fb40323541ce92b4,
        type: 3}
      propertyPath: location.y
      value: 5
      objectReference: {fileID: 0}
    - target: {fileID: 7912557850059152186, guid: d5387a5b7deded94fb40323541ce92b4,
        type: 3}
      propertyPath: unitName
      value: Worker 1
      objectReference: {fileID: 0}
    - target: {fileID: 7856630328294574264, guid: d5387a5b7deded94fb40323541ce92b4,
        type: 3}
      propertyPath: m_BodyType
      value: 0
      objectReference: {fileID: 0}
    - target: {fileID: 7856630328294574264, guid: d5387a5b7deded94fb40323541ce92b4,
        type: 3}
      propertyPath: m_GravityScale
      value: 0
      objectReference: {fileID: 0}
    - target: {fileID: 7856630328294574264, guid: d5387a5b7deded94fb40323541ce92b4,
        type: 3}
      propertyPath: m_AngularDrag
      value: 0
      objectReference: {fileID: 0}
    m_RemovedComponents: []
  m_SourcePrefab: {fileID: 100100000, guid: d5387a5b7deded94fb40323541ce92b4, type: 3}
--- !u!1001 &1721347452
PrefabInstance:
  m_ObjectHideFlags: 0
  serializedVersion: 2
  m_Modification:
    m_TransformParent: {fileID: 0}
    m_Modifications:
    - target: {fileID: 5597983077623465841, guid: d5387a5b7deded94fb40323541ce92b4,
        type: 3}
      propertyPath: m_Name
      value: Worker (6)
      objectReference: {fileID: 0}
    - target: {fileID: 5597983077623465842, guid: d5387a5b7deded94fb40323541ce92b4,
        type: 3}
      propertyPath: m_LocalPosition.x
      value: 1.83
      objectReference: {fileID: 0}
    - target: {fileID: 5597983077623465842, guid: d5387a5b7deded94fb40323541ce92b4,
        type: 3}
      propertyPath: m_LocalPosition.y
      value: 9.63
      objectReference: {fileID: 0}
    - target: {fileID: 5597983077623465842, guid: d5387a5b7deded94fb40323541ce92b4,
        type: 3}
      propertyPath: m_LocalPosition.z
      value: 0
      objectReference: {fileID: 0}
    - target: {fileID: 5597983077623465842, guid: d5387a5b7deded94fb40323541ce92b4,
        type: 3}
      propertyPath: m_LocalRotation.x
      value: 0
      objectReference: {fileID: 0}
    - target: {fileID: 5597983077623465842, guid: d5387a5b7deded94fb40323541ce92b4,
        type: 3}
      propertyPath: m_LocalRotation.y
      value: 0
      objectReference: {fileID: 0}
    - target: {fileID: 5597983077623465842, guid: d5387a5b7deded94fb40323541ce92b4,
        type: 3}
      propertyPath: m_LocalRotation.z
      value: 0
      objectReference: {fileID: 0}
    - target: {fileID: 5597983077623465842, guid: d5387a5b7deded94fb40323541ce92b4,
        type: 3}
      propertyPath: m_LocalRotation.w
      value: 1
      objectReference: {fileID: 0}
    - target: {fileID: 5597983077623465842, guid: d5387a5b7deded94fb40323541ce92b4,
        type: 3}
      propertyPath: m_RootOrder
      value: 16
      objectReference: {fileID: 0}
    - target: {fileID: 5597983077623465842, guid: d5387a5b7deded94fb40323541ce92b4,
        type: 3}
      propertyPath: m_LocalEulerAnglesHint.x
      value: 0
      objectReference: {fileID: 0}
    - target: {fileID: 5597983077623465842, guid: d5387a5b7deded94fb40323541ce92b4,
        type: 3}
      propertyPath: m_LocalEulerAnglesHint.y
      value: 0
      objectReference: {fileID: 0}
    - target: {fileID: 5597983077623465842, guid: d5387a5b7deded94fb40323541ce92b4,
        type: 3}
      propertyPath: m_LocalEulerAnglesHint.z
      value: 0
      objectReference: {fileID: 0}
    - target: {fileID: 7912557850059152186, guid: d5387a5b7deded94fb40323541ce92b4,
        type: 3}
      propertyPath: location.x
      value: 7
      objectReference: {fileID: 0}
    - target: {fileID: 7912557850059152186, guid: d5387a5b7deded94fb40323541ce92b4,
        type: 3}
      propertyPath: location.y
      value: 5
      objectReference: {fileID: 0}
    - target: {fileID: 7912557850059152186, guid: d5387a5b7deded94fb40323541ce92b4,
        type: 3}
      propertyPath: unitName
      value: Worker 1
      objectReference: {fileID: 0}
    - target: {fileID: 7856630328294574264, guid: d5387a5b7deded94fb40323541ce92b4,
        type: 3}
      propertyPath: m_BodyType
      value: 0
      objectReference: {fileID: 0}
    - target: {fileID: 7856630328294574264, guid: d5387a5b7deded94fb40323541ce92b4,
        type: 3}
      propertyPath: m_GravityScale
      value: 0
      objectReference: {fileID: 0}
    - target: {fileID: 7856630328294574264, guid: d5387a5b7deded94fb40323541ce92b4,
        type: 3}
      propertyPath: m_AngularDrag
      value: 0
      objectReference: {fileID: 0}
    m_RemovedComponents: []
  m_SourcePrefab: {fileID: 100100000, guid: d5387a5b7deded94fb40323541ce92b4, type: 3}
--- !u!1001 &1743263180
PrefabInstance:
  m_ObjectHideFlags: 0
  serializedVersion: 2
  m_Modification:
    m_TransformParent: {fileID: 0}
    m_Modifications:
    - target: {fileID: 385158567879424226, guid: ed8a341c541ffa94ba2aea6d2ee83412,
        type: 3}
      propertyPath: m_Name
      value: Soldier (3)
      objectReference: {fileID: 0}
    - target: {fileID: 2667809297180465276, guid: ed8a341c541ffa94ba2aea6d2ee83412,
        type: 3}
      propertyPath: m_LocalPosition.x
      value: 8.91
      objectReference: {fileID: 0}
    - target: {fileID: 2667809297180465276, guid: ed8a341c541ffa94ba2aea6d2ee83412,
        type: 3}
      propertyPath: m_LocalPosition.y
      value: -7.46
      objectReference: {fileID: 0}
    - target: {fileID: 2667809297180465276, guid: ed8a341c541ffa94ba2aea6d2ee83412,
        type: 3}
      propertyPath: m_LocalPosition.z
      value: 0
      objectReference: {fileID: 0}
    - target: {fileID: 2667809297180465276, guid: ed8a341c541ffa94ba2aea6d2ee83412,
        type: 3}
      propertyPath: m_LocalRotation.x
      value: 0
      objectReference: {fileID: 0}
    - target: {fileID: 2667809297180465276, guid: ed8a341c541ffa94ba2aea6d2ee83412,
        type: 3}
      propertyPath: m_LocalRotation.y
      value: 0
      objectReference: {fileID: 0}
    - target: {fileID: 2667809297180465276, guid: ed8a341c541ffa94ba2aea6d2ee83412,
        type: 3}
      propertyPath: m_LocalRotation.z
      value: 0
      objectReference: {fileID: 0}
    - target: {fileID: 2667809297180465276, guid: ed8a341c541ffa94ba2aea6d2ee83412,
        type: 3}
      propertyPath: m_LocalRotation.w
      value: 1
      objectReference: {fileID: 0}
    - target: {fileID: 2667809297180465276, guid: ed8a341c541ffa94ba2aea6d2ee83412,
        type: 3}
      propertyPath: m_RootOrder
      value: 14
      objectReference: {fileID: 0}
    - target: {fileID: 2667809297180465276, guid: ed8a341c541ffa94ba2aea6d2ee83412,
        type: 3}
      propertyPath: m_LocalEulerAnglesHint.x
      value: 0
      objectReference: {fileID: 0}
    - target: {fileID: 2667809297180465276, guid: ed8a341c541ffa94ba2aea6d2ee83412,
        type: 3}
      propertyPath: m_LocalEulerAnglesHint.y
      value: 0
      objectReference: {fileID: 0}
    - target: {fileID: 2667809297180465276, guid: ed8a341c541ffa94ba2aea6d2ee83412,
        type: 3}
      propertyPath: m_LocalEulerAnglesHint.z
      value: 0
      objectReference: {fileID: 0}
    - target: {fileID: 1994770262682469333, guid: ed8a341c541ffa94ba2aea6d2ee83412,
        type: 3}
      propertyPath: location.x
      value: 12
      objectReference: {fileID: 0}
    - target: {fileID: 1994770262682469333, guid: ed8a341c541ffa94ba2aea6d2ee83412,
        type: 3}
      propertyPath: location.y
      value: 12
      objectReference: {fileID: 0}
    - target: {fileID: 1994770262682469333, guid: ed8a341c541ffa94ba2aea6d2ee83412,
        type: 3}
      propertyPath: unitName
      value: Soldier 1
      objectReference: {fileID: 0}
    - target: {fileID: 2858012917522590649, guid: ed8a341c541ffa94ba2aea6d2ee83412,
        type: 3}
      propertyPath: m_BodyType
      value: 0
      objectReference: {fileID: 0}
    - target: {fileID: 2858012917522590649, guid: ed8a341c541ffa94ba2aea6d2ee83412,
        type: 3}
      propertyPath: m_GravityScale
      value: 0
      objectReference: {fileID: 0}
    - target: {fileID: 2858012917522590649, guid: ed8a341c541ffa94ba2aea6d2ee83412,
        type: 3}
      propertyPath: m_AngularDrag
      value: 0
      objectReference: {fileID: 0}
    m_RemovedComponents: []
  m_SourcePrefab: {fileID: 100100000, guid: ed8a341c541ffa94ba2aea6d2ee83412, type: 3}
--- !u!1001 &1746871138
PrefabInstance:
  m_ObjectHideFlags: 0
  serializedVersion: 2
  m_Modification:
    m_TransformParent: {fileID: 0}
    m_Modifications:
    - target: {fileID: 5597983077623465841, guid: d5387a5b7deded94fb40323541ce92b4,
        type: 3}
      propertyPath: m_Name
      value: Worker (1)
      objectReference: {fileID: 0}
    - target: {fileID: 5597983077623465842, guid: d5387a5b7deded94fb40323541ce92b4,
        type: 3}
      propertyPath: m_LocalPosition.x
      value: 1.83
      objectReference: {fileID: 0}
    - target: {fileID: 5597983077623465842, guid: d5387a5b7deded94fb40323541ce92b4,
        type: 3}
      propertyPath: m_LocalPosition.y
      value: 0
      objectReference: {fileID: 0}
    - target: {fileID: 5597983077623465842, guid: d5387a5b7deded94fb40323541ce92b4,
        type: 3}
      propertyPath: m_LocalPosition.z
      value: 0
      objectReference: {fileID: 0}
    - target: {fileID: 5597983077623465842, guid: d5387a5b7deded94fb40323541ce92b4,
        type: 3}
      propertyPath: m_LocalRotation.x
      value: 0
      objectReference: {fileID: 0}
    - target: {fileID: 5597983077623465842, guid: d5387a5b7deded94fb40323541ce92b4,
        type: 3}
      propertyPath: m_LocalRotation.y
      value: 0
      objectReference: {fileID: 0}
    - target: {fileID: 5597983077623465842, guid: d5387a5b7deded94fb40323541ce92b4,
        type: 3}
      propertyPath: m_LocalRotation.z
      value: 0
      objectReference: {fileID: 0}
    - target: {fileID: 5597983077623465842, guid: d5387a5b7deded94fb40323541ce92b4,
        type: 3}
      propertyPath: m_LocalRotation.w
      value: 1
      objectReference: {fileID: 0}
    - target: {fileID: 5597983077623465842, guid: d5387a5b7deded94fb40323541ce92b4,
        type: 3}
      propertyPath: m_RootOrder
      value: 7
      objectReference: {fileID: 0}
    - target: {fileID: 5597983077623465842, guid: d5387a5b7deded94fb40323541ce92b4,
        type: 3}
      propertyPath: m_LocalEulerAnglesHint.x
      value: 0
      objectReference: {fileID: 0}
    - target: {fileID: 5597983077623465842, guid: d5387a5b7deded94fb40323541ce92b4,
        type: 3}
      propertyPath: m_LocalEulerAnglesHint.y
      value: 0
      objectReference: {fileID: 0}
    - target: {fileID: 5597983077623465842, guid: d5387a5b7deded94fb40323541ce92b4,
        type: 3}
      propertyPath: m_LocalEulerAnglesHint.z
      value: 0
      objectReference: {fileID: 0}
    - target: {fileID: 7912557850059152186, guid: d5387a5b7deded94fb40323541ce92b4,
        type: 3}
      propertyPath: location.x
      value: 7
      objectReference: {fileID: 0}
    - target: {fileID: 7912557850059152186, guid: d5387a5b7deded94fb40323541ce92b4,
        type: 3}
      propertyPath: location.y
      value: 5
      objectReference: {fileID: 0}
    - target: {fileID: 7912557850059152186, guid: d5387a5b7deded94fb40323541ce92b4,
        type: 3}
      propertyPath: unitName
      value: Worker 1
      objectReference: {fileID: 0}
    - target: {fileID: 7856630328294574264, guid: d5387a5b7deded94fb40323541ce92b4,
        type: 3}
      propertyPath: m_BodyType
      value: 0
      objectReference: {fileID: 0}
    - target: {fileID: 7856630328294574264, guid: d5387a5b7deded94fb40323541ce92b4,
        type: 3}
      propertyPath: m_GravityScale
      value: 0
      objectReference: {fileID: 0}
    - target: {fileID: 7856630328294574264, guid: d5387a5b7deded94fb40323541ce92b4,
        type: 3}
      propertyPath: m_AngularDrag
      value: 0
      objectReference: {fileID: 0}
    m_RemovedComponents: []
  m_SourcePrefab: {fileID: 100100000, guid: d5387a5b7deded94fb40323541ce92b4, type: 3}
--- !u!1001 &1776955987
PrefabInstance:
  m_ObjectHideFlags: 0
  serializedVersion: 2
  m_Modification:
    m_TransformParent: {fileID: 0}
    m_Modifications:
    - target: {fileID: 385158567879424226, guid: ed8a341c541ffa94ba2aea6d2ee83412,
        type: 3}
      propertyPath: m_Name
      value: Soldier (4)
      objectReference: {fileID: 0}
    - target: {fileID: 2667809297180465276, guid: ed8a341c541ffa94ba2aea6d2ee83412,
        type: 3}
      propertyPath: m_LocalPosition.x
      value: -1.72
      objectReference: {fileID: 0}
    - target: {fileID: 2667809297180465276, guid: ed8a341c541ffa94ba2aea6d2ee83412,
        type: 3}
      propertyPath: m_LocalPosition.y
      value: 5.36
      objectReference: {fileID: 0}
    - target: {fileID: 2667809297180465276, guid: ed8a341c541ffa94ba2aea6d2ee83412,
        type: 3}
      propertyPath: m_LocalPosition.z
      value: 0
      objectReference: {fileID: 0}
    - target: {fileID: 2667809297180465276, guid: ed8a341c541ffa94ba2aea6d2ee83412,
        type: 3}
      propertyPath: m_LocalRotation.x
      value: 0
      objectReference: {fileID: 0}
    - target: {fileID: 2667809297180465276, guid: ed8a341c541ffa94ba2aea6d2ee83412,
        type: 3}
      propertyPath: m_LocalRotation.y
      value: 0
      objectReference: {fileID: 0}
    - target: {fileID: 2667809297180465276, guid: ed8a341c541ffa94ba2aea6d2ee83412,
        type: 3}
      propertyPath: m_LocalRotation.z
      value: 0
      objectReference: {fileID: 0}
    - target: {fileID: 2667809297180465276, guid: ed8a341c541ffa94ba2aea6d2ee83412,
        type: 3}
      propertyPath: m_LocalRotation.w
      value: 1
      objectReference: {fileID: 0}
    - target: {fileID: 2667809297180465276, guid: ed8a341c541ffa94ba2aea6d2ee83412,
        type: 3}
      propertyPath: m_RootOrder
      value: 18
      objectReference: {fileID: 0}
    - target: {fileID: 2667809297180465276, guid: ed8a341c541ffa94ba2aea6d2ee83412,
        type: 3}
      propertyPath: m_LocalEulerAnglesHint.x
      value: 0
      objectReference: {fileID: 0}
    - target: {fileID: 2667809297180465276, guid: ed8a341c541ffa94ba2aea6d2ee83412,
        type: 3}
      propertyPath: m_LocalEulerAnglesHint.y
      value: 0
      objectReference: {fileID: 0}
    - target: {fileID: 2667809297180465276, guid: ed8a341c541ffa94ba2aea6d2ee83412,
        type: 3}
      propertyPath: m_LocalEulerAnglesHint.z
      value: 0
      objectReference: {fileID: 0}
    - target: {fileID: 1994770262682469333, guid: ed8a341c541ffa94ba2aea6d2ee83412,
        type: 3}
      propertyPath: location.x
      value: 7
      objectReference: {fileID: 0}
    - target: {fileID: 1994770262682469333, guid: ed8a341c541ffa94ba2aea6d2ee83412,
        type: 3}
      propertyPath: location.y
      value: 7
      objectReference: {fileID: 0}
    - target: {fileID: 1994770262682469333, guid: ed8a341c541ffa94ba2aea6d2ee83412,
        type: 3}
      propertyPath: unitName
      value: Soldier 0
      objectReference: {fileID: 0}
    - target: {fileID: 2858012917522590649, guid: ed8a341c541ffa94ba2aea6d2ee83412,
        type: 3}
      propertyPath: m_BodyType
      value: 0
      objectReference: {fileID: 0}
    - target: {fileID: 2858012917522590649, guid: ed8a341c541ffa94ba2aea6d2ee83412,
        type: 3}
      propertyPath: m_GravityScale
      value: 0
      objectReference: {fileID: 0}
    - target: {fileID: 2858012917522590649, guid: ed8a341c541ffa94ba2aea6d2ee83412,
        type: 3}
      propertyPath: m_AngularDrag
      value: 0
      objectReference: {fileID: 0}
    - target: {fileID: 5498891444501724378, guid: ed8a341c541ffa94ba2aea6d2ee83412,
        type: 3}
      propertyPath: m_IsTrigger
      value: 0
      objectReference: {fileID: 0}
    m_RemovedComponents: []
  m_SourcePrefab: {fileID: 100100000, guid: ed8a341c541ffa94ba2aea6d2ee83412, type: 3}
--- !u!1001 &1801333180
PrefabInstance:
  m_ObjectHideFlags: 0
  serializedVersion: 2
  m_Modification:
    m_TransformParent: {fileID: 0}
    m_Modifications:
    - target: {fileID: 5597983077623465841, guid: d5387a5b7deded94fb40323541ce92b4,
        type: 3}
      propertyPath: m_Name
      value: Worker (9)
      objectReference: {fileID: 0}
    - target: {fileID: 5597983077623465842, guid: d5387a5b7deded94fb40323541ce92b4,
        type: 3}
      propertyPath: m_LocalPosition.x
      value: 15.45
      objectReference: {fileID: 0}
    - target: {fileID: 5597983077623465842, guid: d5387a5b7deded94fb40323541ce92b4,
        type: 3}
      propertyPath: m_LocalPosition.y
      value: 4.1
      objectReference: {fileID: 0}
    - target: {fileID: 5597983077623465842, guid: d5387a5b7deded94fb40323541ce92b4,
        type: 3}
      propertyPath: m_LocalPosition.z
      value: 0
      objectReference: {fileID: 0}
    - target: {fileID: 5597983077623465842, guid: d5387a5b7deded94fb40323541ce92b4,
        type: 3}
      propertyPath: m_LocalRotation.x
      value: 0
      objectReference: {fileID: 0}
    - target: {fileID: 5597983077623465842, guid: d5387a5b7deded94fb40323541ce92b4,
        type: 3}
      propertyPath: m_LocalRotation.y
      value: 0
      objectReference: {fileID: 0}
    - target: {fileID: 5597983077623465842, guid: d5387a5b7deded94fb40323541ce92b4,
        type: 3}
      propertyPath: m_LocalRotation.z
      value: 0
      objectReference: {fileID: 0}
    - target: {fileID: 5597983077623465842, guid: d5387a5b7deded94fb40323541ce92b4,
        type: 3}
      propertyPath: m_LocalRotation.w
      value: 1
      objectReference: {fileID: 0}
    - target: {fileID: 5597983077623465842, guid: d5387a5b7deded94fb40323541ce92b4,
        type: 3}
      propertyPath: m_RootOrder
      value: 21
      objectReference: {fileID: 0}
    - target: {fileID: 5597983077623465842, guid: d5387a5b7deded94fb40323541ce92b4,
        type: 3}
      propertyPath: m_LocalEulerAnglesHint.x
      value: 0
      objectReference: {fileID: 0}
    - target: {fileID: 5597983077623465842, guid: d5387a5b7deded94fb40323541ce92b4,
        type: 3}
      propertyPath: m_LocalEulerAnglesHint.y
      value: 0
      objectReference: {fileID: 0}
    - target: {fileID: 5597983077623465842, guid: d5387a5b7deded94fb40323541ce92b4,
        type: 3}
      propertyPath: m_LocalEulerAnglesHint.z
      value: 0
      objectReference: {fileID: 0}
    - target: {fileID: 7912557850059152186, guid: d5387a5b7deded94fb40323541ce92b4,
        type: 3}
      propertyPath: location.x
      value: 7
      objectReference: {fileID: 0}
    - target: {fileID: 7912557850059152186, guid: d5387a5b7deded94fb40323541ce92b4,
        type: 3}
      propertyPath: location.y
      value: 5
      objectReference: {fileID: 0}
    - target: {fileID: 7912557850059152186, guid: d5387a5b7deded94fb40323541ce92b4,
        type: 3}
      propertyPath: unitName
      value: Worker 1
      objectReference: {fileID: 0}
    - target: {fileID: 7856630328294574264, guid: d5387a5b7deded94fb40323541ce92b4,
        type: 3}
      propertyPath: m_BodyType
      value: 0
      objectReference: {fileID: 0}
    - target: {fileID: 7856630328294574264, guid: d5387a5b7deded94fb40323541ce92b4,
        type: 3}
      propertyPath: m_GravityScale
      value: 0
      objectReference: {fileID: 0}
    - target: {fileID: 7856630328294574264, guid: d5387a5b7deded94fb40323541ce92b4,
        type: 3}
      propertyPath: m_AngularDrag
      value: 0
      objectReference: {fileID: 0}
    m_RemovedComponents: []
  m_SourcePrefab: {fileID: 100100000, guid: d5387a5b7deded94fb40323541ce92b4, type: 3}
--- !u!1 &1937413704
GameObject:
  m_ObjectHideFlags: 0
  m_CorrespondingSourceObject: {fileID: 0}
  m_PrefabInstance: {fileID: 0}
  m_PrefabAsset: {fileID: 0}
  serializedVersion: 6
  m_Component:
  - component: {fileID: 1937413707}
  - component: {fileID: 1937413706}
  - component: {fileID: 1937413705}
  m_Layer: 0
  m_Name: EventSystem
  m_TagString: Untagged
  m_Icon: {fileID: 0}
  m_NavMeshLayer: 0
  m_StaticEditorFlags: 0
  m_IsActive: 1
--- !u!114 &1937413705
MonoBehaviour:
  m_ObjectHideFlags: 0
  m_CorrespondingSourceObject: {fileID: 0}
  m_PrefabInstance: {fileID: 0}
  m_PrefabAsset: {fileID: 0}
  m_GameObject: {fileID: 1937413704}
  m_Enabled: 1
  m_EditorHideFlags: 0
  m_Script: {fileID: 11500000, guid: 4f231c4fb786f3946a6b90b886c48677, type: 3}
  m_Name: 
  m_EditorClassIdentifier: 
  m_HorizontalAxis: Horizontal
  m_VerticalAxis: Vertical
  m_SubmitButton: Submit
  m_CancelButton: Cancel
  m_InputActionsPerSecond: 10
  m_RepeatDelay: 0.5
  m_ForceModuleActive: 0
--- !u!114 &1937413706
MonoBehaviour:
  m_ObjectHideFlags: 0
  m_CorrespondingSourceObject: {fileID: 0}
  m_PrefabInstance: {fileID: 0}
  m_PrefabAsset: {fileID: 0}
  m_GameObject: {fileID: 1937413704}
  m_Enabled: 1
  m_EditorHideFlags: 0
  m_Script: {fileID: 11500000, guid: 76c392e42b5098c458856cdf6ecaaaa1, type: 3}
  m_Name: 
  m_EditorClassIdentifier: 
  m_FirstSelected: {fileID: 0}
  m_sendNavigationEvents: 1
  m_DragThreshold: 10
--- !u!4 &1937413707
Transform:
  m_ObjectHideFlags: 0
  m_CorrespondingSourceObject: {fileID: 0}
  m_PrefabInstance: {fileID: 0}
  m_PrefabAsset: {fileID: 0}
  m_GameObject: {fileID: 1937413704}
  m_LocalRotation: {x: 0, y: 0, z: 0, w: 1}
  m_LocalPosition: {x: 0, y: 0, z: 0}
  m_LocalScale: {x: 1, y: 1, z: 1}
  m_Children: []
  m_Father: {fileID: 0}
  m_RootOrder: 3
  m_LocalEulerAnglesHint: {x: 0, y: 0, z: 0}
--- !u!1001 &1955987600
PrefabInstance:
  m_ObjectHideFlags: 0
  serializedVersion: 2
  m_Modification:
    m_TransformParent: {fileID: 0}
    m_Modifications:
    - target: {fileID: 385158567879424226, guid: ed8a341c541ffa94ba2aea6d2ee83412,
        type: 3}
      propertyPath: m_Name
      value: Soldier (1)
      objectReference: {fileID: 0}
    - target: {fileID: 2667809297180465276, guid: ed8a341c541ffa94ba2aea6d2ee83412,
        type: 3}
      propertyPath: m_LocalPosition.x
      value: -4.71
      objectReference: {fileID: 0}
    - target: {fileID: 2667809297180465276, guid: ed8a341c541ffa94ba2aea6d2ee83412,
        type: 3}
      propertyPath: m_LocalPosition.y
      value: -1.93
      objectReference: {fileID: 0}
    - target: {fileID: 2667809297180465276, guid: ed8a341c541ffa94ba2aea6d2ee83412,
        type: 3}
      propertyPath: m_LocalPosition.z
      value: 0
      objectReference: {fileID: 0}
    - target: {fileID: 2667809297180465276, guid: ed8a341c541ffa94ba2aea6d2ee83412,
        type: 3}
      propertyPath: m_LocalRotation.x
      value: 0
      objectReference: {fileID: 0}
    - target: {fileID: 2667809297180465276, guid: ed8a341c541ffa94ba2aea6d2ee83412,
        type: 3}
      propertyPath: m_LocalRotation.y
      value: 0
      objectReference: {fileID: 0}
    - target: {fileID: 2667809297180465276, guid: ed8a341c541ffa94ba2aea6d2ee83412,
        type: 3}
      propertyPath: m_LocalRotation.z
      value: 0
      objectReference: {fileID: 0}
    - target: {fileID: 2667809297180465276, guid: ed8a341c541ffa94ba2aea6d2ee83412,
        type: 3}
      propertyPath: m_LocalRotation.w
      value: 1
      objectReference: {fileID: 0}
    - target: {fileID: 2667809297180465276, guid: ed8a341c541ffa94ba2aea6d2ee83412,
        type: 3}
      propertyPath: m_RootOrder
      value: 10
      objectReference: {fileID: 0}
    - target: {fileID: 2667809297180465276, guid: ed8a341c541ffa94ba2aea6d2ee83412,
        type: 3}
      propertyPath: m_LocalEulerAnglesHint.x
      value: 0
      objectReference: {fileID: 0}
    - target: {fileID: 2667809297180465276, guid: ed8a341c541ffa94ba2aea6d2ee83412,
        type: 3}
      propertyPath: m_LocalEulerAnglesHint.y
      value: 0
      objectReference: {fileID: 0}
    - target: {fileID: 2667809297180465276, guid: ed8a341c541ffa94ba2aea6d2ee83412,
        type: 3}
      propertyPath: m_LocalEulerAnglesHint.z
      value: 0
      objectReference: {fileID: 0}
    - target: {fileID: 1994770262682469333, guid: ed8a341c541ffa94ba2aea6d2ee83412,
        type: 3}
      propertyPath: location.x
      value: 12
      objectReference: {fileID: 0}
    - target: {fileID: 1994770262682469333, guid: ed8a341c541ffa94ba2aea6d2ee83412,
        type: 3}
      propertyPath: location.y
      value: 12
      objectReference: {fileID: 0}
    - target: {fileID: 1994770262682469333, guid: ed8a341c541ffa94ba2aea6d2ee83412,
        type: 3}
      propertyPath: unitName
      value: Soldier 1
      objectReference: {fileID: 0}
    - target: {fileID: 2858012917522590649, guid: ed8a341c541ffa94ba2aea6d2ee83412,
        type: 3}
      propertyPath: m_BodyType
      value: 0
      objectReference: {fileID: 0}
    - target: {fileID: 2858012917522590649, guid: ed8a341c541ffa94ba2aea6d2ee83412,
        type: 3}
      propertyPath: m_GravityScale
      value: 0
      objectReference: {fileID: 0}
    - target: {fileID: 2858012917522590649, guid: ed8a341c541ffa94ba2aea6d2ee83412,
        type: 3}
      propertyPath: m_AngularDrag
      value: 0
      objectReference: {fileID: 0}
    m_RemovedComponents: []
  m_SourcePrefab: {fileID: 100100000, guid: ed8a341c541ffa94ba2aea6d2ee83412, type: 3}
--- !u!1001 &1985671956
PrefabInstance:
  m_ObjectHideFlags: 0
  serializedVersion: 2
  m_Modification:
    m_TransformParent: {fileID: 0}
    m_Modifications:
    - target: {fileID: 5597983077623465841, guid: d5387a5b7deded94fb40323541ce92b4,
        type: 3}
      propertyPath: m_Name
      value: Worker (2)
      objectReference: {fileID: 0}
    - target: {fileID: 5597983077623465842, guid: d5387a5b7deded94fb40323541ce92b4,
        type: 3}
      propertyPath: m_LocalPosition.x
      value: 0.48
      objectReference: {fileID: 0}
    - target: {fileID: 5597983077623465842, guid: d5387a5b7deded94fb40323541ce92b4,
        type: 3}
      propertyPath: m_LocalPosition.y
      value: 1.76
      objectReference: {fileID: 0}
    - target: {fileID: 5597983077623465842, guid: d5387a5b7deded94fb40323541ce92b4,
        type: 3}
      propertyPath: m_LocalPosition.z
      value: 0
      objectReference: {fileID: 0}
    - target: {fileID: 5597983077623465842, guid: d5387a5b7deded94fb40323541ce92b4,
        type: 3}
      propertyPath: m_LocalRotation.x
      value: 0
      objectReference: {fileID: 0}
    - target: {fileID: 5597983077623465842, guid: d5387a5b7deded94fb40323541ce92b4,
        type: 3}
      propertyPath: m_LocalRotation.y
      value: 0
      objectReference: {fileID: 0}
    - target: {fileID: 5597983077623465842, guid: d5387a5b7deded94fb40323541ce92b4,
        type: 3}
      propertyPath: m_LocalRotation.z
      value: 0
      objectReference: {fileID: 0}
    - target: {fileID: 5597983077623465842, guid: d5387a5b7deded94fb40323541ce92b4,
        type: 3}
      propertyPath: m_LocalRotation.w
      value: 1
      objectReference: {fileID: 0}
    - target: {fileID: 5597983077623465842, guid: d5387a5b7deded94fb40323541ce92b4,
        type: 3}
      propertyPath: m_RootOrder
      value: 8
      objectReference: {fileID: 0}
    - target: {fileID: 5597983077623465842, guid: d5387a5b7deded94fb40323541ce92b4,
        type: 3}
      propertyPath: m_LocalEulerAnglesHint.x
      value: 0
      objectReference: {fileID: 0}
    - target: {fileID: 5597983077623465842, guid: d5387a5b7deded94fb40323541ce92b4,
        type: 3}
      propertyPath: m_LocalEulerAnglesHint.y
      value: 0
      objectReference: {fileID: 0}
    - target: {fileID: 5597983077623465842, guid: d5387a5b7deded94fb40323541ce92b4,
        type: 3}
      propertyPath: m_LocalEulerAnglesHint.z
      value: 0
      objectReference: {fileID: 0}
    - target: {fileID: 7912557850059152186, guid: d5387a5b7deded94fb40323541ce92b4,
        type: 3}
      propertyPath: location.x
      value: 8
      objectReference: {fileID: 0}
    - target: {fileID: 7912557850059152186, guid: d5387a5b7deded94fb40323541ce92b4,
        type: 3}
      propertyPath: location.y
      value: 9
      objectReference: {fileID: 0}
    - target: {fileID: 7912557850059152186, guid: d5387a5b7deded94fb40323541ce92b4,
        type: 3}
      propertyPath: unitName
      value: Worker 2
      objectReference: {fileID: 0}
    - target: {fileID: 7856630328294574264, guid: d5387a5b7deded94fb40323541ce92b4,
        type: 3}
      propertyPath: m_BodyType
      value: 0
      objectReference: {fileID: 0}
    - target: {fileID: 7856630328294574264, guid: d5387a5b7deded94fb40323541ce92b4,
        type: 3}
      propertyPath: m_GravityScale
      value: 0
      objectReference: {fileID: 0}
    - target: {fileID: 7856630328294574264, guid: d5387a5b7deded94fb40323541ce92b4,
        type: 3}
      propertyPath: m_AngularDrag
      value: 0
      objectReference: {fileID: 0}
    m_RemovedComponents: []
  m_SourcePrefab: {fileID: 100100000, guid: d5387a5b7deded94fb40323541ce92b4, type: 3}
--- !u!1 &2093411287
GameObject:
  m_ObjectHideFlags: 0
  m_CorrespondingSourceObject: {fileID: 0}
  m_PrefabInstance: {fileID: 0}
  m_PrefabAsset: {fileID: 0}
  serializedVersion: 6
  m_Component:
  - component: {fileID: 2093411289}
  - component: {fileID: 2093411288}
  m_Layer: 0
  m_Name: Player
  m_TagString: Untagged
  m_Icon: {fileID: 0}
  m_NavMeshLayer: 0
  m_StaticEditorFlags: 0
  m_IsActive: 1
--- !u!114 &2093411288
MonoBehaviour:
  m_ObjectHideFlags: 0
  m_CorrespondingSourceObject: {fileID: 0}
  m_PrefabInstance: {fileID: 0}
  m_PrefabAsset: {fileID: 0}
  m_GameObject: {fileID: 2093411287}
  m_Enabled: 1
  m_EditorHideFlags: 0
  m_Script: {fileID: 11500000, guid: 9b647bcbe8e453649a9b0fb9872bc599, type: 3}
  m_Name: 
  m_EditorClassIdentifier: 
--- !u!4 &2093411289
Transform:
  m_ObjectHideFlags: 0
  m_CorrespondingSourceObject: {fileID: 0}
  m_PrefabInstance: {fileID: 0}
  m_PrefabAsset: {fileID: 0}
  m_GameObject: {fileID: 2093411287}
  m_LocalRotation: {x: 0, y: 0, z: 0, w: 1}
  m_LocalPosition: {x: 413.1624, y: 505.45798, z: -200.25}
  m_LocalScale: {x: 1, y: 1, z: 1}
  m_Children:
  - {fileID: 1247269667}
  m_Father: {fileID: 0}
  m_RootOrder: 5
  m_LocalEulerAnglesHint: {x: 0, y: 0, z: 0}
--- !u!1001 &5391107377580334067
PrefabInstance:
  m_ObjectHideFlags: 0
  serializedVersion: 2
  m_Modification:
    m_TransformParent: {fileID: 0}
    m_Modifications:
    - target: {fileID: 385158567879424226, guid: ed8a341c541ffa94ba2aea6d2ee83412,
        type: 3}
      propertyPath: m_Name
      value: Soldier
      objectReference: {fileID: 0}
    - target: {fileID: 2667809297180465276, guid: ed8a341c541ffa94ba2aea6d2ee83412,
        type: 3}
      propertyPath: m_LocalPosition.x
      value: -1.72
      objectReference: {fileID: 0}
    - target: {fileID: 2667809297180465276, guid: ed8a341c541ffa94ba2aea6d2ee83412,
        type: 3}
      propertyPath: m_LocalPosition.y
      value: -4.27
      objectReference: {fileID: 0}
    - target: {fileID: 2667809297180465276, guid: ed8a341c541ffa94ba2aea6d2ee83412,
        type: 3}
      propertyPath: m_LocalPosition.z
      value: 0
      objectReference: {fileID: 0}
    - target: {fileID: 2667809297180465276, guid: ed8a341c541ffa94ba2aea6d2ee83412,
        type: 3}
      propertyPath: m_LocalRotation.x
      value: 0
      objectReference: {fileID: 0}
    - target: {fileID: 2667809297180465276, guid: ed8a341c541ffa94ba2aea6d2ee83412,
        type: 3}
      propertyPath: m_LocalRotation.y
      value: 0
      objectReference: {fileID: 0}
    - target: {fileID: 2667809297180465276, guid: ed8a341c541ffa94ba2aea6d2ee83412,
        type: 3}
      propertyPath: m_LocalRotation.z
      value: 0
      objectReference: {fileID: 0}
    - target: {fileID: 2667809297180465276, guid: ed8a341c541ffa94ba2aea6d2ee83412,
        type: 3}
      propertyPath: m_LocalRotation.w
      value: 1
      objectReference: {fileID: 0}
    - target: {fileID: 2667809297180465276, guid: ed8a341c541ffa94ba2aea6d2ee83412,
        type: 3}
      propertyPath: m_RootOrder
      value: 9
      objectReference: {fileID: 0}
    - target: {fileID: 2667809297180465276, guid: ed8a341c541ffa94ba2aea6d2ee83412,
        type: 3}
      propertyPath: m_LocalEulerAnglesHint.x
      value: 0
      objectReference: {fileID: 0}
    - target: {fileID: 2667809297180465276, guid: ed8a341c541ffa94ba2aea6d2ee83412,
        type: 3}
      propertyPath: m_LocalEulerAnglesHint.y
      value: 0
      objectReference: {fileID: 0}
    - target: {fileID: 2667809297180465276, guid: ed8a341c541ffa94ba2aea6d2ee83412,
        type: 3}
      propertyPath: m_LocalEulerAnglesHint.z
      value: 0
      objectReference: {fileID: 0}
    - target: {fileID: 1994770262682469333, guid: ed8a341c541ffa94ba2aea6d2ee83412,
        type: 3}
      propertyPath: location.x
      value: 7
      objectReference: {fileID: 0}
    - target: {fileID: 1994770262682469333, guid: ed8a341c541ffa94ba2aea6d2ee83412,
        type: 3}
      propertyPath: location.y
      value: 7
      objectReference: {fileID: 0}
    - target: {fileID: 1994770262682469333, guid: ed8a341c541ffa94ba2aea6d2ee83412,
        type: 3}
      propertyPath: unitName
      value: Soldier 0
      objectReference: {fileID: 0}
    - target: {fileID: 2858012917522590649, guid: ed8a341c541ffa94ba2aea6d2ee83412,
        type: 3}
      propertyPath: m_BodyType
      value: 0
      objectReference: {fileID: 0}
    - target: {fileID: 2858012917522590649, guid: ed8a341c541ffa94ba2aea6d2ee83412,
        type: 3}
      propertyPath: m_GravityScale
      value: 0
      objectReference: {fileID: 0}
    - target: {fileID: 2858012917522590649, guid: ed8a341c541ffa94ba2aea6d2ee83412,
        type: 3}
      propertyPath: m_AngularDrag
      value: 0
      objectReference: {fileID: 0}
    - target: {fileID: 5498891444501724378, guid: ed8a341c541ffa94ba2aea6d2ee83412,
        type: 3}
      propertyPath: m_IsTrigger
      value: 0
      objectReference: {fileID: 0}
    m_RemovedComponents: []
  m_SourcePrefab: {fileID: 100100000, guid: ed8a341c541ffa94ba2aea6d2ee83412, type: 3}
